%%% additions 4/5/22
@ARTICLE{TayarJoyce22,
       author = {Tayar, Jaime and Joyce, Meridith},
      title = "{Is Thermohaline Mixing the Full Story? Evidence for Separate Mixing Events near the Red Giant Branch Bump}",
      journal = {\apj, submitted},
     keywords = {stellar evolution, stellar abundances, stellar interiors, thermohaline mixing },
         year = 2022,
}

@ARTICLE{Tonry2012,
       author = {{Tonry}, J.~L. and {Stubbs}, C.~W. and {Lykke}, K.~R. and {Doherty}, P. and {Shivvers}, I.~S. and {Burgett}, W.~S. and {Chambers}, K.~C. and {Hodapp}, K.~W. and {Kaiser}, N. and {Kudritzki}, R. -P. and {Magnier}, E.~A. and {Morgan}, J.~S. and {Price}, P.~A. and {Wainscoat}, R.~J.},
        title = "{The Pan-STARRS1 Photometric System}",
      journal = {\apj},
     keywords = {atmospheric effects, instrumentation: photometers, surveys, techniques: photometric, Astrophysics - Instrumentation and Methods for Astrophysics},
         year = 2012,
        month = may,
       volume = {750},
       number = {2},
          eid = {99},
        pages = {99},
          doi = {10.1088/0004-637X/750/2/99},
archivePrefix = {arXiv},
       eprint = {1203.0297},
 primaryClass = {astro-ph.IM},
}
@ARTICLE{Henyey1964,
       author = {{Henyey}, L.~G. and {Forbes}, J.~E. and {Gould}, N.~L.},
        title = "{A New Method of Automatic Computation of Stellar Evolution.}",
      journal = {\apj},
         year = 1964,
        month = jan,
       volume = {139},
        pages = {306},
          doi = {10.1086/147754},
       adsurl = {https://ui.adsabs.harvard.edu/abs/1964ApJ...139..306H},
      adsnote = {Provided by the SAO/NASA Astrophysics Data System}
}



@ARTICLE{Kurucz1970,
       author = {{Kurucz}, R.~L.},
        title = "{Atlas: a Computer Program for Calculating Model Stellar Atmospheres}",
      journal = {SAO Special Report},
         year = 1970,
        month = feb,
       volume = {309},
       adsurl = {https://ui.adsabs.harvard.edu/abs/1970SAOSR.309.....K},
      adsnote = {Provided by the SAO/NASA Astrophysics Data System}
}


@ARTICLE{Tayar2022,
       author = {{Tayar}, Jamie and {Claytor}, Zachary R. and {Huber}, Daniel and {van Saders}, Jennifer},
        title = "{A Guide to Realistic Uncertainties on the Fundamental Properties of Solar-type Exoplanet Host Stars}",
      journal = {\apj},
     keywords = {Exoplanets, Stellar ages, Stellar properties, Stellar luminosities, Stellar effective temperatures, Stellar masses, 498, 1581, 1624, 1609, 1597, 1614},
         year = 2022,
        month = mar,
       volume = {927},
       number = {1},
          eid = {31},
        pages = {31},
          doi = {10.3847/1538-4357/ac4bbc},
       adsurl = {https://ui.adsabs.harvard.edu/abs/2022ApJ...927...31T},
      adsnote = {Provided by the SAO/NASA Astrophysics Data System}
}


@techreport{ErrorEstAstronomy,
     AUTHOR = {Ren\'{e} Andrae},
     TITLE = {Error estimation in astronomy: a guide},
     TYPE = {preprint},
     YEAR = {2010},
     MONTH = {October},
     ARXIV = {1009.2755},
}

@ARTICLE{Angus2019,
       author = {{Angus}, Ruth and {Morton}, Timothy D. and {Foreman-Mackey}, Daniel and {van Saders}, Jennifer and {Curtis}, Jason and {Kane}, Stephen R. and {Bedell}, Megan and {Kiman}, Rocio and {Hogg}, David W. and {Brewer}, John},
        title = "{Toward Precise Stellar Ages: Combining Isochrone Fitting with Empirical Gyrochronology}",
      journal = {\aj},
     keywords = {Hertzsprung{\textendash}Russell and C{\textendash}M diagrams, methods: statistical, stars: evolution, stars: fundamental parameters, stars: low-mass, stars: rotation, Astrophysics - Solar and Stellar Astrophysics, Astrophysics - Earth and Planetary Astrophysics},
         year = 2019,
        month = nov,
       volume = {158},
       number = {5},
          eid = {173},
        pages = {173},
          doi = {10.3847/1538-3881/ab3c53},
archivePrefix = {arXiv},
       eprint = {1908.07528},
 primaryClass = {astro-ph.SR},
       adsurl = {https://ui.adsabs.harvard.edu/abs/2019AJ....158..173A},
      adsnote = {Provided by the SAO/NASA Astrophysics Data System}
}


%!------------------------------------------------------------
%!! additions 10/26/21

@ARTICLE{IrelandBrowning2018,
       author = {{Ireland}, Lewis G. and {Browning}, Matthew K.},
        title = "{The Radius and Entropy of a Magnetized, Rotating, Fully Convective Star: Analysis with Depth-dependent Mixing Length Theories}",
      journal = {\apj},
     keywords = {convection, magnetohydrodynamics: MHD, stars: fundamental parameters, stars: low-mass, stars: magnetic field, stars: rotation, Astrophysics - Solar and Stellar Astrophysics},
         year = 2018,
        month = apr,
       volume = {856},
       number = {2},
          eid = {132},
        pages = {132},
          doi = {10.3847/1538-4357/aab3da},
archivePrefix = {arXiv},
       eprint = {1803.02664},
 primaryClass = {astro-ph.SR},
       adsurl = {https://ui.adsabs.harvard.edu/abs/2018ApJ...856..132I},
      adsnote = {Provided by the SAO/NASA Astrophysics Data System}
}

@ARTICLE{Somers2015,
       author = {{Somers}, Garrett and {Pinsonneault}, Marc H.},
        title = "{Older and Colder: The Impact of Starspots on Pre-main-sequence Stellar Evolution}",
      journal = {\apj},
     keywords = {stars: activity, stars: evolution, stars: pre-main sequence, starspots, Astrophysics - Solar and Stellar Astrophysics},
         year = 2015,
        month = jul,
       volume = {807},
       number = {2},
          eid = {174},
        pages = {174},
          doi = {10.1088/0004-637X/807/2/174},
archivePrefix = {arXiv},
       eprint = {1506.01393},
 primaryClass = {astro-ph.SR},
       adsurl = {https://ui.adsabs.harvard.edu/abs/2015ApJ...807..174S},
      adsnote = {Provided by the SAO/NASA Astrophysics Data System}
}

@ARTICLE{Somers2020,
       author = {{Somers}, Garrett and {Cao}, Lyra and {Pinsonneault}, Marc H.},
        title = "{The SPOTS Models: A Grid of Theoretical Stellar Evolution Tracks and Isochrones for Testing the Effects of Starspots on Structure and Colors}",
      journal = {\apj},
     keywords = {1833, 1572, 995, 1581, 1624, 434, 1599, Astrophysics - Solar and Stellar Astrophysics},
         year = 2020,
        month = mar,
       volume = {891},
       number = {1},
          eid = {29},
        pages = {29},
          doi = {10.3847/1538-4357/ab722e},
archivePrefix = {arXiv},
       eprint = {2002.10644},
 primaryClass = {astro-ph.SR},
       adsurl = {https://ui.adsabs.harvard.edu/abs/2020ApJ...891...29S},
      adsnote = {Provided by the SAO/NASA Astrophysics Data System}
}


@ARTICLE{David2019,
       author = {{David}, Trevor J. and {Hillenbrand}, Lynne A. and {Gillen}, Edward and {Cody}, Ann Marie and {Howell}, Steve B. and {Isaacson}, Howard T. and {Livingston}, John H.},
        title = "{Age Determination in Upper Scorpius with Eclipsing Binaries}",
      journal = {\apj},
     keywords = {binaries: eclipsing, binaries: spectroscopic, Hertzsprung{\textendash}Russell and C{\textendash}M diagrams, open clusters and associations: individual: Upper Scorpius, stars: evolution, stars: pre-main sequence, Astrophysics - Solar and Stellar Astrophysics, Astrophysics - Earth and Planetary Astrophysics},
         year = 2019,
        month = feb,
       volume = {872},
       number = {2},
          eid = {161},
        pages = {161},
          doi = {10.3847/1538-4357/aafe09},
archivePrefix = {arXiv},
       eprint = {1901.05532},
 primaryClass = {astro-ph.SR},
       adsurl = {https://ui.adsabs.harvard.edu/abs/2019ApJ...872..161D},
      adsnote = {Provided by the SAO/NASA Astrophysics Data System}
}


!------------------------------------------------------------
@ARTICLE{HanburyBrown74,
       author = {{Hanbury Brown}, R. and {Davis}, J. and {Lake}, R.~J.~W. and
         {Thompson}, R.~J.},
        title = "{The effects of limb darkening on measurements of angular size with an intensity interferometer}",
      journal = {\mnras},
         year = 1974,
        month = jun,
       volume = {167},
        pages = {475-484},
          doi = {10.1093/mnras/167.3.475},
       adsurl = {https://ui.adsabs.harvard.edu/abs/1974MNRAS.167..475H},
      adsnote = {Provided by the SAO/NASA Astrophysics Data System}
}

@ARTICLE{Claret11,
       author = {{Claret}, A. and {Bloemen}, S.},
        title = "{Gravity and limb-darkening coefficients for the Kepler, CoRoT, Spitzer, uvby, UBVRIJHK, and Sloan photometric systems}",
      journal = {\aap},
     keywords = {binaries: eclipsing, stars: interiors, stars: rotation, stars: atmospheres, planetary systems},
         year = 2011,
        month = may,
       volume = {529},
          eid = {A75},
        pages = {A75},
          doi = {10.1051/0004-6361/201116451},
       adsurl = {https://ui.adsabs.harvard.edu/abs/2011A&A...529A..75C},
      adsnote = {Provided by the SAO/NASA Astrophysics Data System}
}

@ARTICLE{NichollsWoodCioni2009,
       author = {{Nicholls}, C.~P. and {Wood}, P.~R. and {Cioni}, M. -R.~L. and
         {Soszy{\'n}ski}, I.},
        title = "{Long Secondary Periods in variable red giants}",
      journal = {\mnras},
     keywords = {stars: AGB and post-AGB, binaries: close, stars: oscillations, Astrophysics - Solar and Stellar Astrophysics},
         year = 2009,
        month = nov,
       volume = {399},
       number = {4},
        pages = {2063-2078},
          doi = {10.1111/j.1365-2966.2009.15401.x},
archivePrefix = {arXiv},
       eprint = {0907.2975},
 primaryClass = {astro-ph.SR},
       adsurl = {https://ui.adsabs.harvard.edu/abs/2009MNRAS.399.2063N},
      adsnote = {Provided by the SAO/NASA Astrophysics Data System}
}


@ARTICLE{Hideyuki2015,
       author = {{Saio}, Hideyuki and {Wood}, Peter R. and {Takayama}, Masaki and
         {Ita}, Yoshifusa},
        title = "{Oscillatory convective modes in red giants: a possible explanation of the long secondary periods}",
      journal = {\mnras},
     keywords = {convection, stars: AGB and post-AGB, stars: late-type, stars: low-mass, stars: oscillations, Astrophysics - Solar and Stellar Astrophysics},
         year = 2015,
        month = oct,
       volume = {452},
       number = {4},
        pages = {3863-3868},
          doi = {10.1093/mnras/stv1587},
archivePrefix = {arXiv},
       eprint = {1507.03430},
 primaryClass = {astro-ph.SR},
       adsurl = {https://ui.adsabs.harvard.edu/abs/2015MNRAS.452.3863S},
      adsnote = {Provided by the SAO/NASA Astrophysics Data System}
}


@ARTICLE{IrelandScholzWood2011,
       author = {{Ireland}, M.~J. and {Scholz}, M. and {Wood}, P.~R.},
        title = "{Dynamical opacity-sampling models of Mira variables - II. Time-dependent atmospheric structure and observable properties of four M-type model series}",
      journal = {\mnras},
     keywords = {stars: AGB and post-AGB, stars: atmospheres, stars: mass-loss, stars: variables: general, Astrophysics - Solar and Stellar Astrophysics},
         year = 2011,
        month = nov,
       volume = {418},
       number = {1},
        pages = {114-128},
          doi = {10.1111/j.1365-2966.2011.19469.x},
archivePrefix = {arXiv},
       eprint = {1107.3619},
 primaryClass = {astro-ph.SR},
       adsurl = {https://ui.adsabs.harvard.edu/abs/2011MNRAS.418..114I},
      adsnote = {Provided by the SAO/NASA Astrophysics Data System}
}



@ARTICLE{Perrin04,
       author = {{Perrin}, G. and {Ridgway}, S.~T. and {Coud{\'e} du Foresto}, V. and
         {Mennesson}, B. and {Traub}, W.~A. and {Lacasse}, M.~G.},
        title = "{Interferometric observations of the supergiant stars {\ensuremath{\alpha}} Orionis and {\ensuremath{\alpha}} Herculis with FLUOR at IOTA}",
      journal = {\aap},
     keywords = {stars: supergiants, infrared: stars, techniques: interferometric, Astrophysics},
         year = 2004,
        month = may,
       volume = {418},
        pages = {675-685},
          doi = {10.1051/0004-6361:20040052},
archivePrefix = {arXiv},
       eprint = {astro-ph/0402099},
 primaryClass = {astro-ph},
       adsurl = {https://ui.adsabs.harvard.edu/abs/2004A&A...418..675P},
      adsnote = {Provided by the SAO/NASA Astrophysics Data System}
}

@ARTICLE{Haubois19,
       author = {{Haubois}, X. and {Norris}, B. and {Tuthill}, P.~G. and {Pinte}, C. and
         {Kervella}, P. and {Girard}, J.~H. and {Kostogryz}, N.~M. and
         {Berdyugina}, S.~V. and {Perrin}, G. and {Lacour}, S. and
         {Chiavassa}, A. and {Ridgway}, S.~T.},
        title = "{The inner dust shell of Betelgeuse detected by polarimetric aperture-masking interferometry}",
      journal = {\aap},
     keywords = {techniques: interferometric, stars: fundamental parameters, infrared: stars, stars: individual: Betelgeuse, Astrophysics - Solar and Stellar Astrophysics},
         year = 2019,
        month = aug,
       volume = {628},
          eid = {A101},
        pages = {A101},
          doi = {10.1051/0004-6361/201833258},
archivePrefix = {arXiv},
       eprint = {1907.08594},
 primaryClass = {astro-ph.SR},
       adsurl = {https://ui.adsabs.harvard.edu/abs/2019A&A...628A.101H},
      adsnote = {Provided by the SAO/NASA Astrophysics Data System}
}

@ARTICLE{Montarges14,
       author = {{Montarg{\`e}s}, M. and {Kervella}, P. and {Perrin}, G. and
         {Ohnaka}, K. and {Chiavassa}, A. and {Ridgway}, S.~T. and {Lacour}, S.},
        title = "{Properties of the CO and H$_{2}$O MOLsphere of the red supergiant Betelgeuse from VLTI/AMBER observations}",
      journal = {\aap},
     keywords = {infrared: stars, techniques: interferometric, stars: late-type, stars: atmospheres, stars: individual: Betelgeuse, supergiants, Astrophysics - Solar and Stellar Astrophysics},
         year = 2014,
        month = dec,
       volume = {572},
          eid = {A17},
        pages = {A17},
          doi = {10.1051/0004-6361/201423538},
archivePrefix = {arXiv},
       eprint = {1408.2994},
 primaryClass = {astro-ph.SR},
       adsurl = {https://ui.adsabs.harvard.edu/abs/2014A&A...572A..17M},
      adsnote = {Provided by the SAO/NASA Astrophysics Data System}
}

@ARTICLE{Michelson21,
       author = {{Michelson}, A.~A. and {Pease}, F.~G.},
        title = "{Measurement of the Diameter of {\ensuremath{\alpha}} Orionis with the Interferometer.}",
      journal = {\apj},
         year = 1921,
        month = may,
       volume = {53},
        pages = {249-259},
          doi = {10.1086/142603},
       adsurl = {https://ui.adsabs.harvard.edu/abs/1921ApJ....53..249M},
      adsnote = {Provided by the SAO/NASA Astrophysics Data System}
}

@MASTERSTHESIS{MikeMastersThesis,
       author = {{Ireland}, Michael J.},
        title = "{Interferometric Studies of Red Giants with MAPPIT}",
     keywords = {Interferometry, AAT},
       school = {University of Sydney},
         year = 2002,
        month = jun,
       adsurl = {https://ui.adsabs.harvard.edu/abs/2002MsT..........1I},
      adsnote = {Provided by the SAO/NASA Astrophysics Data System}
}



@ARTICLE{Guinan2020,
       author = {{Guinan}, Edward F. and {Wasatonic}, Richard J.},
        title = "{Betelgeuse Updates}",
      journal = {The Astronomer's Telegram},
     keywords = {Star, Supernovae, Variables},
         year = 2020,
        month = feb,
       volume = {13439},
        pages = {1},
       adsurl = {https://ui.adsabs.harvard.edu/abs/2020ATel13439....1G},
      adsnote = {Provided by the SAO/NASA Astrophysics Data System}
}


@ARTICLE{Levesque2020,
       author = {{Levesque}, Emily M. and {Massey}, Philip},
        title = "{Betelgeuse Just Isn't That Cool: Effective Temperature Alone Cannot Explain the Recent Dimming of Betelgeuse}",
      journal = {arXiv e-prints},
     keywords = {Astrophysics - Solar and Stellar Astrophysics, Astrophysics - Astrophysics of Galaxies},
         year = 2020,
        month = feb,
          eid = {arXiv:2002.10463},
        pages = {arXiv:2002.10463},
archivePrefix = {arXiv},
       eprint = {2002.10463},
 primaryClass = {astro-ph.SR},
       adsurl = {https://ui.adsabs.harvard.edu/abs/2020arXiv200210463L},
      adsnote = {Provided by the SAO/NASA Astrophysics Data System}
}

@ARTICLE{Dolan2016,
       author = {{Dolan}, Michelle M. and {Mathews}, Grant J. and {Lam}, Doan Duc and
         {Quynh Lan}, Nguyen and {Herczeg}, Gregory J. and
         {Dearborn}, David S.~P.},
        title = "{Evolutionary Tracks for Betelgeuse}",
      journal = {\apj},
     keywords = {stars: evolution, stars: individual: Alpha Orionis, stars: late-type, stars: mass-loss, stars: oscillations, starspots, supergiants, Astrophysics - Solar and Stellar Astrophysics},
         year = "2016",
        month = "Mar",
       volume = {819},
       number = {1},
          eid = {7},
        pages = {7},
          doi = {10.3847/0004-637X/819/1/7},
archivePrefix = {arXiv},
       eprint = {1406.3143},
 primaryClass = {astro-ph.SR},
       adsurl = {https://ui.adsabs.harvard.edu/abs/2016ApJ...819....7D},
      adsnote = {Provided by the SAO/NASA Astrophysics Data System}
}



@ARTICLE{YoonCantiello2010,
       author = {{Yoon}, Sung-Chul and {Cantiello}, Matteo},
        title = "{Evolution of Massive Stars with Pulsation-driven Superwinds During the Red Supergiant Phase}",
      journal = {\apjl},
     keywords = {stars: evolution, stars: massive, stars: mass-loss, supergiants, supernovae: general, Astrophysics - Solar and Stellar Astrophysics},
         year = "2010",
        month = "Jul",
       volume = {717},
       number = {1},
        pages = {L62-L65},
          doi = {10.1088/2041-8205/717/1/L62},
archivePrefix = {arXiv},
       eprint = {1005.4925},
 primaryClass = {astro-ph.SR},
       adsurl = {https://ui.adsabs.harvard.edu/abs/2010ApJ...717L..62Y},
      adsnote = {Provided by the SAO/NASA Astrophysics Data System}
}


@ARTICLE{BetelgeuseProjectII,
       author = {{Nance}, S. and {Sullivan}, J.~M. and {Diaz}, M. and {Wheeler}, J. Craig},
        title = "{The Betelgeuse Project II: asteroseismology}",
      journal = {\mnras},
     keywords = {stars: AGB and post-AGB, stars: evolution, supernovae: general, Astrophysics - Solar and Stellar Astrophysics},
         year = "2018",
        month = "Sep",
       volume = {479},
       number = {1},
        pages = {251-261},
          doi = {10.1093/mnras/sty1418},
archivePrefix = {arXiv},
       eprint = {1805.10347},
 primaryClass = {astro-ph.SR},
       adsurl = {https://ui.adsabs.harvard.edu/abs/2018MNRAS.479..251N},
      adsnote = {Provided by the SAO/NASA Astrophysics Data System}
}


@ARTICLE{BetelgeuseProjectI,
       author = {{Wheeler}, J. Craig and {Nance}, S. and {Diaz}, M. and {Smith}, S.~G. and
         {Hickey}, J. and {Zhou}, L. and {Koutoulaki}, M. and {Sullivan}, J.~M. and
         {Fowler}, J.~M.},
        title = "{The Betelgeuse Project: constraints from rotation}",
      journal = {\mnras},
     keywords = {stars: AGB and post-AGB, stars: evolution, stars: individual: (Betelgeuse), supernovae: general, Astrophysics - Solar and Stellar Astrophysics},
         year = "2017",
        month = "Mar",
       volume = {465},
       number = {3},
        pages = {2654-2661},
          doi = {10.1093/mnras/stw2893},
archivePrefix = {arXiv},
       eprint = {1611.08031},
 primaryClass = {astro-ph.SR},
       adsurl = {https://ui.adsabs.harvard.edu/abs/2017MNRAS.465.2654W},
      adsnote = {Provided by the SAO/NASA Astrophysics Data System}
}



@ARTICLE{GBP2020,
       author = {{Goldberg}, Jared A. and {Bildsten}, Lars and {Paxton}, Bill},
        title = "{A Massive Star's Dying Breaths: Pulsating Red Supergiants and Their Resulting Type IIP Supernovae}",
      journal = {arXiv e-prints},
     keywords = {Astrophysics - Solar and Stellar Astrophysics, Astrophysics - High Energy Astrophysical Phenomena},
         year = "2020",
        month = "Jan",
          eid = {arXiv:2001.07303},
        pages = {arXiv:2001.07303},
archivePrefix = {arXiv},
       eprint = {2001.07303},
 primaryClass = {astro-ph.SR},
       adsurl = {https://ui.adsabs.harvard.edu/abs/2020arXiv200107303G},
      adsnote = {Provided by the SAO/NASA Astrophysics Data System}
}


@ARTICLE{Kiss2006,
       author = {{Kiss}, L.~L. and {Szab{\'o}}, Gy. M. and {Bedding}, T.~R.},
        title = "{Variability in red supergiant stars: pulsations, long secondary periods and convection noise}",
      journal = {\mnras},
     keywords = {stars: evolution, stars: late-type, stars: oscillations, supergiants, Astrophysics},
         year = "2006",
        month = "Nov",
       volume = {372},
       number = {4},
        pages = {1721-1734},
          doi = {10.1111/j.1365-2966.2006.10973.x},
archivePrefix = {arXiv},
       eprint = {astro-ph/0608438},
 primaryClass = {astro-ph},
       adsurl = {https://ui.adsabs.harvard.edu/abs/2006MNRAS.372.1721K},
      adsnote = {Provided by the SAO/NASA Astrophysics Data System}
}


@ARTICLE{ConnyReview,
       author = {{Aerts}, C.},
        title = "{Probing the interior physics of stars through asteroseismology}",
      journal = {arXiv e-prints},
     keywords = {Astrophysics - Solar and Stellar Astrophysics},
         year = "2019",
        month = "Dec",
          eid = {arXiv:1912.12300},
        pages = {arXiv:1912.12300},
archivePrefix = {arXiv},
       eprint = {1912.12300},
 primaryClass = {astro-ph.SR},
       adsurl = {https://ui.adsabs.harvard.edu/abs/2019arXiv191212300A},
      adsnote = {Provided by the SAO/NASA Astrophysics Data System}
}



@ARTICLE{MESAV,
       author = {{Paxton}, Bill and {Smolec}, R. and {Schwab}, Josiah and {Gautschy}, A. and
         {Bildsten}, Lars and {Cantiello}, Matteo and {Dotter}, Aaron and
         {Farmer}, R. and {Goldberg}, Jared A. and {Jermyn}, Adam S. and
         {Kanbur}, S.~M. and {Marchant}, Pablo and {Thoul}, Anne and
         {Townsend}, Richard H.~D. and {Wolf}, William M. and {Zhang}, Michael and
         {Timmes}, F.~X.},
        title = "{Modules for Experiments in Stellar Astrophysics (MESA): Pulsating Variable Stars, Rotation, Convective Boundaries, and Energy Conservation}",
      journal = {\apjs},
     keywords = {stars: evolution, stars: general, stars: interiors, stars: oscillations:  including pulsations, stars: rotation, stars: variables: general, Astrophysics - Solar and Stellar Astrophysics},
         year = "2019",
        month = "Jul",
       volume = {243},
       number = {1},
          eid = {10},
        pages = {10},
          doi = {10.3847/1538-4365/ab2241},
archivePrefix = {arXiv},
       eprint = {1903.01426},
 primaryClass = {astro-ph.SR},
       adsurl = {https://ui.adsabs.harvard.edu/abs/2019ApJS..243...10P},
      adsnote = {Provided by the SAO/NASA Astrophysics Data System}
}



@ARTICLE{Jorgensen2018Li,
       author = {{J{\o}rgensen}, Andreas Christ S{\o}lvsten and {Weiss}, Achim},
        title = "{Addressing the acoustic tachocline anomaly and the lithium depletion problem at the same time}",
      journal = {\mnras},
     keywords = {Sun: abundance, Sun: evolution, Sun: helioseismology, Astrophysics - Solar and Stellar Astrophysics},
         year = "2018",
        month = "Dec",
       volume = {481},
       number = {4},
        pages = {4389-4396},
          doi = {10.1093/mnras/sty2590},
archivePrefix = {arXiv},
       eprint = {1810.09310},
 primaryClass = {astro-ph.SR},
       adsurl = {https://ui.adsabs.harvard.edu/abs/2018MNRAS.481.4389J},
      adsnote = {Provided by the SAO/NASA Astrophysics Data System}
}



@ARTICLE{Charbonnel2019,
       author = {{Charbonnel}, C. and {Lagarde}, N. and {Jasniewicz}, G. and {North}, P. and
         {Shetrone}, M. and {Krugler Hollek}, J. and {Smith}, V.~V. and
         {Smiljanic}, R. and {Palacios}, A. and {Ottoni}, G.},
        title = "{Lithium in red giant stars: Constraining non-standard mixing with large surveys in the Gaia era}",
      journal = {arXiv e-prints},
     keywords = {Astrophysics - Solar and Stellar Astrophysics},
         year = "2019",
        month = "Oct",
          eid = {arXiv:1910.12732},
        pages = {arXiv:1910.12732},
archivePrefix = {arXiv},
       eprint = {1910.12732},
 primaryClass = {astro-ph.SR},
       adsurl = {https://ui.adsabs.harvard.edu/abs/2019arXiv191012732C},
      adsnote = {Provided by the SAO/NASA Astrophysics Data System}
}


@ARTICLE{Compton2019,
       author = {{Compton}, Douglas L. and {Bedding}, Timothy R. and {Stello}, Dennis},
        title = "{Asteroseismology of main-sequence F stars with Kepler: overcoming short mode lifetimes}",
      journal = {\mnras},
     keywords = {asteroseismology, stars: fundamental parameters, stars: oscillations, Astrophysics - Solar and Stellar Astrophysics},
         year = "2019",
        month = "May",
       volume = {485},
       number = {1},
        pages = {560-569},
          doi = {10.1093/mnras/stz432},
archivePrefix = {arXiv},
       eprint = {1902.05561},
 primaryClass = {astro-ph.SR},
       adsurl = {https://ui.adsabs.harvard.edu/abs/2019MNRAS.485..560C},
      adsnote = {Provided by the SAO/NASA Astrophysics Data System}
}


@ARTICLE{Choi2018,
       author = {{Choi}, Jieun and {Dotter}, Aaron and {Conroy}, Charlie and
         {Ting}, Yuan-Sen},
        title = "{On the Red Giant Branch: Ambiguity in the Surface Boundary Condition Leads to {\ensuremath{\approx}}100 K Uncertainty in Model Effective Temperatures}",
      journal = {\apj},
     keywords = {stars: atmospheres, stars: fundamental parameters, stars: general, stars: interiors, Astrophysics - Solar and Stellar Astrophysics},
         year = "2018",
        month = "Jun",
       volume = {860},
       number = {2},
          eid = {131},
        pages = {131},
          doi = {10.3847/1538-4357/aac435},
archivePrefix = {arXiv},
       eprint = {1805.04112},
 primaryClass = {astro-ph.SR},
       adsurl = {https://ui.adsabs.harvard.edu/abs/2018ApJ...860..131C},
      adsnote = {Provided by the SAO/NASA Astrophysics Data System}
}

@ARTICLE{SpadaDemarque2019,
       author = {{Spada}, Federico and {Demarque}, Pierre},
        title = "{Testing the entropy calibration of the radii of cool stars: models of {\ensuremath{\alpha}} Centauri A and B}",
      journal = {\mnras},
     keywords = {convection, stars: fundamental parameters, stars: individual ({\ensuremath{\alpha}} Cen A, B), stars: interiors, stars: late-type, Astrophysics - Solar and Stellar Astrophysics, Astrophysics - Earth and Planetary Astrophysics},
         year = "2019",
        month = "Nov",
       volume = {489},
       number = {4},
        pages = {4712-4720},
          doi = {10.1093/mnras/stz2465},
archivePrefix = {arXiv},
       eprint = {1909.00701},
 primaryClass = {astro-ph.SR},
       adsurl = {https://ui.adsabs.harvard.edu/abs/2019MNRAS.489.4712S},
      adsnote = {Provided by the SAO/NASA Astrophysics Data System}
}

@article{GNUParallel,
  title = {GNU Parallel - The Command-Line Power Tool},
  author = {O. Tange},
  address = {Frederiksberg, Denmark},
  journal = {;login: The USENIX Magazine},
  month = {Feb},
  number = {1},
  volume = {36},
  url = {http://www.gnu.org/s/parallel},
  year = {2011},
  pages = {42-47},
  doi = {10.5281/zenodo.16303}
}

@ARTICLE{Lund2017,
       author = {{Lund}, Mikkel N. and {Silva Aguirre}, V{\'\i}ctor and {Davies}, Guy R. and
         {Chaplin}, William J. and {Christensen-Dalsgaard}, J{\o}rgen and
         {Houdek}, G{\"u}nter and {White}, Timothy R. and {Bedding}, Timothy R. and
         {Ball}, Warrick H. and {Huber}, Daniel and {Antia}, H.~M. and
         {Lebreton}, Yveline and {Latham}, David W. and {Handberg}, Rasmus and
         {Verma}, Kuldeep and {Basu}, Sarbani and {Casagrande}, Luca and
         {Justesen}, Anders B. and {Kjeldsen}, Hans and {Mosumgaard}, Jakob R.},
        title = "{Standing on the Shoulders of Dwarfs: the Kepler Asteroseismic LEGACY Sample. I. Oscillation Mode Parameters}",
      journal = {\apj},
     keywords = {asteroseismology, stars: evolution, stars: fundamental parameters, stars: oscillations, Astrophysics - Solar and Stellar Astrophysics},
         year = "2017",
        month = "Feb",
       volume = {835},
       number = {2},
          eid = {172},
        pages = {172},
          doi = {10.3847/1538-4357/835/2/172},
archivePrefix = {arXiv},
       eprint = {1612.00436},
 primaryClass = {astro-ph.SR},
       adsurl = {https://ui.adsabs.harvard.edu/abs/2017ApJ...835..172L},
      adsnote = {Provided by the SAO/NASA Astrophysics Data System}
}


@ARTICLE{White2013,
       author = {{White}, T.~R. and {Huber}, D. and {Maestro}, V. and {Bedding}, T.~R. and
         {Ireland}, M.~J. and {Baron}, F. and {Boyajian}, T.~S. and {Che}, X. and
         {Monnier}, J.~D. and {Pope}, B.~J.~S. and {Roettenbacher}, R.~M. and
         {Stello}, D. and {Tuthill}, P.~G. and {Farrington}, C.~D. and
         {Goldfinger}, P.~J. and {McAlister}, H.~A. and {Schaefer}, G.~H. and
         {Sturmann}, J. and {Sturmann}, L. and {ten Brummelaar}, T.~A. and
         {Turner}, N.~H.},
        title = "{Interferometric radii of bright Kepler stars with the CHARA Array: {\ensuremath{\theta}} Cygni and 16 Cygni A and B}",
      journal = {\mnras},
     keywords = {techniques: interferometric, stars: individual: {\ensuremath{\theta}} Cygni, stars: individual: 16 Cygni A, stars: individual: 16 Cygni B, stars: oscillations, Astrophysics - Solar and Stellar Astrophysics},
         year = "2013",
        month = "Aug",
       volume = {433},
       number = {2},
        pages = {1262-1270},
          doi = {10.1093/mnras/stt802},
archivePrefix = {arXiv},
       eprint = {1305.1934},
 primaryClass = {astro-ph.SR},
       adsurl = {https://ui.adsabs.harvard.edu/abs/2013MNRAS.433.1262W},
      adsnote = {Provided by the SAO/NASA Astrophysics Data System}
}


@ARTICLE{Bruntt2010,
       author = {{Bruntt}, H. and {Deleuil}, M. and {Fridlund}, M. and {Alonso}, R. and
         {Bouchy}, F. and {Hatzes}, A. and {Mayor}, M. and {Moutou}, C. and
         {Queloz}, D.},
        title = "{Improved stellar parameters of CoRoT-7. A star hosting two super Earths}",
      journal = {\aap},
     keywords = {stars: abundances, stars: late-type, stars: fundamental parameters, Astrophysics - Solar and Stellar Astrophysics, Astrophysics - Earth and Planetary Astrophysics},
         year = "2010",
        month = "Sep",
       volume = {519},
          eid = {A51},
        pages = {A51},
          doi = {10.1051/0004-6361/201014143},
archivePrefix = {arXiv},
       eprint = {1005.3208},
 primaryClass = {astro-ph.SR},
       adsurl = {https://ui.adsabs.harvard.edu/abs/2010A&A...519A..51B},
      adsnote = {Provided by the SAO/NASA Astrophysics Data System}
}

%------------------------ ABOVE: after Oct 21 2019 ---------------------------------------------

@article{MESA2HYDRO,
  doi = {10.3847/1538-4357/ab3405},
  url = {https://doi.org/10.3847%2F1538-4357%2Fab3405},
  year = 2019,
  month = {sep},
  publisher = {American Astronomical Society},
  volume = {882},
  number = {1},
  pages = {63},
  author = {M. Joyce and L. Lairmore and D. J. Price and S. Mohamed and T. Reichardt},
  title = {Density Conversion between 1D and 3D Stellar Models with 1DMESA2HYDRO3D},
  journal = {The Astrophysical Journal},
  abstract = {We present 1DMESA2HYDRO3D, an open-source, Python-based software tool that provides an accessible means of generating physically motivated initial conditions (ICs) for hydrodynamical simulations from 1D stellar structure models. We test 1DMESA2HYDRO3D on five stellar models generated with the MESA stellar evolution code and verify its capacity as an IC generator with the Phantom smoothed particle hydrodynamics code. Consistency between the input density profiles, the 1DMESA2HYDRO3D-rendered particle distributions, and the state of the distributions after evolution over 10 dynamical timescales is found for model stars ranging in structure and density from a radially extended supergiant to a white dwarf.}
}





@ARTICLE{TUMi,
 author = {{Moln{\'a}r}, L{\'a}szl{\'o} and {Joyce}, Meridith and
         {Kiss}, L{\'a}szl{\'o} L.},
        title = "{Stellar Evolution in Real Time: Models Consistent with the Direct Observation of a Thermal Pulse in T Ursae Minoris}",
      journal = {\apj},
     keywords = {asteroseismology, late stellar evolution, pulsating variable stars, Astrophysics - Solar and Stellar Astrophysics},
         year = "2019",
        month = "Jul",
       volume = {879},
       number = {1},
          eid = {62},
        pages = {62},
          doi = {10.3847/1538-4357/ab22a5},
archivePrefix = {arXiv},
       eprint = {1905.00597},
 primaryClass = {astro-ph.SR},
       adsurl = {https://ui.adsabs.harvard.edu/abs/2019ApJ...879...62M},
      adsnote = {Provided by the SAO/NASA Astrophysics Data System}
}



@ARTICLE{ReichardtThesis,
   author = {{Reichardt}, Thomas.},
   title = "{PhD Thesis:Simulations of the common envelope binary interaction from the pre-inspiral to the nebular phase, in prep}",
   journal ={Macquarie University},
   year = 2019,
}



@ARTICLE{Phantom,
   author = {{Price}, D.~J. and {Wurster}, J. and {Tricco}, T.~S. and {Nixon}, C. and 
  {Toupin}, S. and {Pettitt}, A. and {Chan}, C. and {Mentiplay}, D. and 
  {Laibe}, G. and {Glover}, S. and {Dobbs}, C. and {Nealon}, R. and 
  {Liptai}, D. and {Worpel}, H. and {Bonnerot}, C. and {Dipierro}, G. and 
  {Ballabio}, G. and {Ragusa}, E. and {Federrath}, C. and {Iaconi}, R. and 
  {Reichardt}, T. and {Forgan}, D. and {Hutchison}, M. and {Constantino}, T. and 
  {Ayliffe}, B. and {Hirsh}, K. and {Lodato}, G.},
    title = "{Phantom: A Smoothed Particle Hydrodynamics and Magnetohydrodynamics Code for Astrophysics}",
  journal = {\pasa},
archivePrefix = "arXiv",
   eprint = {1702.03930},
 primaryClass = "astro-ph.IM",
 keywords = {accretion, accretion disks, hydrodynamics, ISM: general, magnetohydrodynamics (MHD), methods: numerical},
     year = 2018,
    month = sep,
   volume = 35,
      eid = {e031},
    pages = {e031},
      doi = {10.1017/pasa.2018.25},
   adsurl = {https://ui.adsabs.harvard.edu/abs/2018PASA...35...31P},
  adsnote = {Provided by the SAO/NASA Astrophysics Data System}
}


%-----------------------------------------------------------------------------

@ARTICLE{Kunitomo2018,
   author = {{Kunitomo}, M. and {Guillot}, T. and {Ida}, S. and {Takeuchi}, T.
  },
    title = "{Revisiting the pre-main-sequence evolution of stars. II. Consequences of planet formation on stellar surface composition}",
  journal = {\aap},
archivePrefix = "arXiv",
   eprint = {1808.07396},
 primaryClass = "astro-ph.SR",
 keywords = {stars: formation, stars: pre-main sequence, accretion, accretion disks, stars: evolution, stars: interiors, stars: abundances},
     year = 2018,
    month = oct,
   volume = 618,
      eid = {A132},
    pages = {A132},
      doi = {10.1051/0004-6361/201833127},
   adsurl = {http://adsabs.harvard.edu/abs/2018A%26A...618A.132K},
  adsnote = {Provided by the SAO/NASA Astrophysics Data System}
}



@ARTICLE{Tognelli2016,
   author = {{Tognelli}, E. and {Prada Moroni}, P.~G. and {Degl'Innocenti}, S.
  },
    title = "{Effect of planet ingestion on low-mass stars evolution: the case of 2MASS J08095427-4721419 star in the Gamma Velorum cluster}",
  journal = {\mnras},
archivePrefix = "arXiv",
   eprint = {1605.07920},
 primaryClass = "astro-ph.SR",
 keywords = {planet-star interactions, stars: abundances, stars: chemically peculiar, stars: evolution, stars: formation, stars: pre-main sequence},
     year = 2016,
    month = aug,
   volume = 460,
    pages = {3888-3899},
      doi = {10.1093/mnras/stw1268},
   adsurl = {http://adsabs.harvard.edu/abs/2016MNRAS.460.3888T},
  adsnote = {Provided by the SAO/NASA Astrophysics Data System}
}


@ARTICLE{Kippenhahn1980,
   author = {{Kippenhahn}, R. and {Ruschenplatt}, G. and {Thomas}, H.-C.},
    title = "{The time scale of thermohaline mixing in stars}",
  journal = {\aap},
 keywords = {Atmospheric Circulation, Dynamic Stability, Helium Hydrogen Atmospheres, Main Sequence Stars, Stellar Envelopes, Stellar Structure, Atmospheric Diffusion, Diffusion Coefficient, Molecular Weight, Stellar Atmospheres, Stellar Oscillations},
     year = 1980,
    month = nov,
   volume = 91,
    pages = {175-180},
   adsurl = {http://adsabs.harvard.edu/abs/1980A%26A....91..175K},
  adsnote = {Provided by the SAO/NASA Astrophysics Data System}
}


@ARTICLE{BahcallLoeb,
   author = {{Bahcall}, J.~N. and {Loeb}, A.},
    title = "{Element diffusion in stellar interiors}",
  journal = {\apj},
 keywords = {Solar Neutrinos, Stellar Composition, Stellar Interiors, Chlorine, Gallium, P Waves, Radiation Detectors, Stellar Models},
     year = 1990,
    month = sep,
   volume = 360,
    pages = {267-274},
      doi = {10.1086/169116},
   adsurl = {http://adsabs.harvard.edu/abs/1990ApJ...360..267B},
  adsnote = {Provided by the SAO/NASA Astrophysics Data System}
}



@ARTICLE{Theado,
   author = {{Th{\'e}ado}, S. and {Vauclair}, S.},
    title = "{Metal-rich Accretion and Thermohaline Instabilities in Exoplanet-host Stars: Consequences on the Light Elements Abundances}",
  journal = {\apj},
archivePrefix = "arXiv",
   eprint = {1109.4238},
 primaryClass = "astro-ph.SR",
 keywords = {convection, planetary systems, planet-star interactions, stars: abundances, stars: solar-type},
     year = 2012,
    month = jan,
   volume = 744,
      eid = {123},
    pages = {123},
      doi = {10.1088/0004-637X/744/2/123},
   adsurl = {http://adsabs.harvard.edu/abs/2012ApJ...744..123T},
  adsnote = {Provided by the SAO/NASA Astrophysics Data System}
}


@ARTICLE{Lattanzio2015,
   author = {{Lattanzio}, J.~C. and {Siess}, L. and {Church}, R.~P. and {Angelou}, G. and 
  {Stancliffe}, R.~J. and {Doherty}, C.~L. and {Stephen}, T. and 
  {Campbell}, S.~W.},
    title = "{On the numerical treatment and dependence of thermohaline mixing in red giants}",
  journal = {\mnras},
archivePrefix = "arXiv",
   eprint = {1410.6517},
 primaryClass = "astro-ph.SR",
 keywords = {diffusion, hydrodynamics, instabilities, stars: abundances, stars: evolution, stars: interiors},
     year = 2015,
    month = jan,
   volume = 446,
    pages = {2673-2688},
      doi = {10.1093/mnras/stu2238},
   adsurl = {http://adsabs.harvard.edu/abs/2015MNRAS.446.2673L},
  adsnote = {Provided by the SAO/NASA Astrophysics Data System}
}


@ARTICLE{CantielloLanger,
   author = {{Cantiello}, M. and {Langer}, N.},
    title = "{Thermohaline mixing in evolved low-mass stars}",
  journal = {\aap},
archivePrefix = "arXiv",
   eprint = {1006.1354},
 primaryClass = "astro-ph.SR",
 keywords = {stars: abundances, stars: evolution, stars: magnetic field, nuclear reactions, nucleosynthesis, abundances, stars: AGB and post-AGB, stars: rotation},
     year = 2010,
    month = oct,
   volume = 521,
      eid = {A9},
    pages = {A9},
      doi = {10.1051/0004-6361/201014305},
   adsurl = {http://adsabs.harvard.edu/abs/2010A%26A...521A...9C},
  adsnote = {Provided by the SAO/NASA Astrophysics Data System}
}




@MISC{CESAM,
   author = {{Morel}, P. and {Lebreton}, Y.},
    title = "{CESAM: A Free Code for Stellar Evolution Calculations}",
 keywords = {Software },
howpublished = {Astrophysics Source Code Library},
     year = 2010,
    month = oct,
archivePrefix = "ascl",
   eprint = {1010.059},
   adsurl = {http://adsabs.harvard.edu/abs/2010ascl.soft10059M},
  adsnote = {Provided by the SAO/NASA Astrophysics Data System}
}


@ARTICLE{Schwarzschild,
   author = {{Schwarzschild}, K.},
    title = "{On the gravitational field of a sphere of incompressible fluid according to Einstein's theory}",
  journal = {ArXiv Physics e-prints},
   eprint = {physics/9912033},
 keywords = {Physics - History of Physics, Astrophysics, General Relativity and Quantum Cosmology},
     year = 1999,
    month = dec,
   adsurl = {http://adsabs.harvard.edu/abs/1999physics..12033S},
  adsnote = {Provided by the SAO/NASA Astrophysics Data System}
}


@ARTICLE{Ledoux1947,
   author = {{Ledoux}, P.},
    title = "{Stellar Models with Convection and with Discontinuity of the Mean Molecular Weight}",
  journal = {\apj},
     year = 1947,
    month = mar,
   volume = 105,
    pages = {305},
      doi = {10.1086/144905},
   adsurl = {http://adsabs.harvard.edu/abs/1947ApJ...105..305L},
  adsnote = {Provided by the SAO/NASA Astrophysics Data System}
}


@BOOK{CarrollOstlie,
   author = {{Carroll}, B.~W. and {Ostlie}, D.~A.},
    title = "{An introduction to modern astrophysics and cosmology}",
 keywords = {Astrophysics, Textbooks},
booktitle = {Institute for Mathematics and Its Applications},
     year = 2006,
    month = jul,
   adsurl = {http://adsabs.harvard.edu/abs/2006ima..book.....C},
  adsnote = {Provided by the SAO/NASA Astrophysics Data System}
}

@Inbook{Karakas2017,
author={Karakas, Amanda I.},
title={"Low- and Intermediate-Mass Stars"},
bookTitle={"Handbook of Supernovae"},
year={2017},
publisher={Springer International Publishing},
address="Cham",
pages="1--21",
abstract="Low- and intermediate-mass stars with masses less than about 8M        ⊙ are common inhabitants of galaxies throughout the Universe. These stars evolve through core hydrogen and helium burning and eventually end their lives as distended red giant stars that experience copious mass loss. Single stellar evolution predicts that the final fate of a low- and intermediate-mass star is a carbon-oxygen (C-O) white dwarf which does not experience any further nuclear burning. Low- and intermediate-mass stars produce substantial dust and gas, which may be enriched in the products of nucleosynthesis and plays an important role in the chemical evolution of galaxies. This chapter examines the theoretical evolution of low- and intermediate-mass stars from the main sequence to the asymptotic giant branch, which is the last nuclear burning phase for these stars. The chapter finishes with a brief discussion of the initial-final mass distribution.",
isbn="978-3-319-20794-0",
doi="10.1007/978-3-319-20794-0_117-1",
url="https://doi.org/10.1007/978-3-319-20794-0_117-1"
}


@ARTICLE{ShazreneThesis,
   author = {{Mohamed}, S.},
   title = "{A "Wonderful" Muse: Mass Transfer in Mira-Type Binaries, PhD Thesis}",
   journal ={Oxford University},
   year = 2009,
}



@ARTICLE{LSST,
   author = {{LSST Science Collaboration} and {Marshall}, P. and {Anguita}, T. and 
  {Bianco}, F.~B. and {Bellm}, E.~C. and {Brandt}, N. and {Clarkson}, W. and 
  {Connolly}, A. and {Gawiser}, E. and {Ivezic}, Z. and {Jones}, L. and 
  {Lochner}, M. and {Lund}, M.~B. and {Mahabal}, A. and {Nidever}, D. and 
  {Olsen}, K. and {Ridgway}, S. and {Rhodes}, J. and {Shemmer}, O. and 
  {Trilling}, D. and {Vivas}, K. and {Walkowicz}, L. and {Willman}, B. and 
  {Yoachim}, P. and {Anderson}, S. and {Antilogus}, P. and {Angus}, R. and 
  {Arcavi}, I. and {Awan}, H. and {Biswas}, R. and {Bell}, K.~J. and 
  {Bennett}, D. and {Britt}, C. and {Buzasi}, D. and {Casetti-Dinescu}, D.~I. and 
  {Chomiuk}, L. and {Claver}, C. and {Cook}, K. and {Davenport}, J. and 
  {Debattista}, V. and {Digel}, S. and {Doctor}, Z. and {Firth}, R.~E. and 
  {Foley}, R. and {Fong}, W.-f. and {Galbany}, L. and {Giampapa}, M. and 
  {Gizis}, J.~E. and {Graham}, M.~L. and {Grillmair}, C. and {Gris}, P. and 
  {Haiman}, Z. and {Hartigan}, P. and {Hawley}, S. and {Hlozek}, R. and 
  {Jha}, S.~W. and {Johns-Krull}, C. and {Kanbur}, S. and {Kalogera}, V. and 
  {Kashyap}, V. and {Kasliwal}, V. and {Kessler}, R. and {Kim}, A. and 
  {Kurczynski}, P. and {Lahav}, O. and {Liu}, M.~C. and {Malz}, A. and 
  {Margutti}, R. and {Matheson}, T. and {McEwen}, J.~D. and {McGehee}, P. and 
  {Meibom}, S. and {Meyers}, J. and {Monet}, D. and {Neilsen}, E. and 
  {Newman}, J. and {O'Dowd}, M. and {Peiris}, H.~V. and {Penny}, M.~T. and 
  {Peters}, C. and {Poleski}, R. and {Ponder}, K. and {Richards}, G. and 
  {Rho}, J. and {Rubin}, D. and {Schmidt}, S. and {Schuhmann}, R.~L. and 
  {Shporer}, A. and {Slater}, C. and {Smith}, N. and {Soares-Santos}, M. and 
  {Stassun}, K. and {Strader}, J. and {Strauss}, M. and {Street}, R. and 
  {Stubbs}, C. and {Sullivan}, M. and {Szkody}, P. and {Trimble}, V. and 
  {Tyson}, T. and {de Val-Borro}, M. and {Valenti}, S. and {Wagoner}, R. and 
  {Wood-Vasey}, W.~M. and {Zauderer}, B.~A.},
    title = "{Science-Driven Optimization of the LSST Observing Strategy}",
  journal = {ArXiv e-prints},
archivePrefix = "arXiv",
   eprint = {1708.04058},
 primaryClass = "astro-ph.IM",
 keywords = {Astrophysics - Instrumentation and Methods for Astrophysics, Astrophysics - Cosmology and Nongalactic Astrophysics, Astrophysics - Earth and Planetary Astrophysics, Astrophysics - Astrophysics of Galaxies, Astrophysics - Solar and Stellar Astrophysics},
     year = 2017,
    month = aug,
   adsurl = {http://adsabs.harvard.edu/abs/2017arXiv170804058L},
  adsnote = {Provided by the SAO/NASA Astrophysics Data System}
}

@ARTICLE{TESS,
   author = {{Ricker}, G.~R. and {Winn}, J.~N. and {Vanderspek}, R. and {Latham}, D.~W. and 
  {Bakos}, G.~{\'A}. and {Bean}, J.~L. and {Berta-Thompson}, Z.~K. and 
  {Brown}, T.~M. and {Buchhave}, L. and {Butler}, N.~R. and {Butler}, R.~P. and 
  {Chaplin}, W.~J. and {Charbonneau}, D. and {Christensen-Dalsgaard}, J. and 
  {Clampin}, M. and {Deming}, D. and {Doty}, J. and {De Lee}, N. and 
  {Dressing}, C. and {Dunham}, E.~W. and {Endl}, M. and {Fressin}, F. and 
  {Ge}, J. and {Henning}, T. and {Holman}, M.~J. and {Howard}, A.~W. and 
  {Ida}, S. and {Jenkins}, J.~M. and {Jernigan}, G. and {Johnson}, J.~A. and 
  {Kaltenegger}, L. and {Kawai}, N. and {Kjeldsen}, H. and {Laughlin}, G. and 
  {Levine}, A.~M. and {Lin}, D. and {Lissauer}, J.~J. and {MacQueen}, P. and 
  {Marcy}, G. and {McCullough}, P.~R. and {Morton}, T.~D. and 
  {Narita}, N. and {Paegert}, M. and {Palle}, E. and {Pepe}, F. and 
  {Pepper}, J. and {Quirrenbach}, A. and {Rinehart}, S.~A. and 
  {Sasselov}, D. and {Sato}, B. and {Seager}, S. and {Sozzetti}, A. and 
  {Stassun}, K.~G. and {Sullivan}, P. and {Szentgyorgyi}, A. and 
  {Torres}, G. and {Udry}, S. and {Villasenor}, J.},
    title = "{Transiting Exoplanet Survey Satellite (TESS)}",
  journal = {Journal of Astronomical Telescopes, Instruments, and Systems},
     year = 2015,
    month = jan,
   volume = 1,
   number = 1,
      eid = {014003},
    pages = {014003},
      doi = {10.1117/1.JATIS.1.1.014003},
   adsurl = {http://adsabs.harvard.edu/abs/2015JATIS...1a4003R},
  adsnote = {Provided by the SAO/NASA Astrophysics Data System}
}

@ARTICLE{Gaia,
   author = {{Gilmore}, G. and {Randich}, S. and {Asplund}, M. and {Binney}, J. and 
  {Bonifacio}, P. and {Drew}, J. and {Feltzing}, S. and {Ferguson}, A. and 
  {Jeffries}, R. and {Micela}, G. and et al.},
    title = "{The Gaia-ESO Public Spectroscopic Survey}",
  journal = {The Messenger},
     year = 2012,
    month = mar,
   volume = 147,
    pages = {25-31},
   adsurl = {http://adsabs.harvard.edu/abs/2012Msngr.147...25G},
  adsnote = {Provided by the SAO/NASA Astrophysics Data System}
}



@MISC{HDF5,
   author = {HDF5, Group},
    title = "{Heirarchical Data Format}",
 keywords = {Software},
     year = "2018",
    month = "Jun",
   url = "https://www.hdfgroup.org/",
}


@Article{MersenneTwister,
    author = {Matsumoto, M. and Nishimura, T.},
    journal = {ACM: Transactions on Modeling and Computer Simulation},
    number = {1},
    pages = {3--30},
    priority = {2},
    title = {{Mersenne Twister: A 623-dimensionally Equidistributed Uniform Pseudorandom Number Generator}},
    volume = {8},
    year = {1998}
}


@Article{RungeKutta,
author="Runge, C.",
title="{\"U}ber die numerische Aufl{\"o}sung von Differentialgleichungen",
journal="Mathematische Annalen",
year="1895",
month="Jun",
day="01",
volume="46",
number="2",
pages="167--178",
issn="1432-1807",
doi="10.1007/BF01446807",
url="https://doi.org/10.1007/BF01446807"
}




@MISC{DSEPdoc,
   author = {Chaboyer, B. and  Dotter, A.},
    title = {Documentation for DSEP},
 keywords = {Software},
      year = 2008,
    }


@BOOK{SSEbook,
   author = {{Kippenhahn}, R. and {Weigert}, A. and {Weiss}, A.},
    title = "{Stellar Structure and Evolution}",
 keywords = {Physics},
booktitle = {Stellar Structure and Evolution: , Astronomy and Astrophysics Library.~ISBN 978-3-642-30255-8.~Springer-Verlag Berlin Heidelberg, 2012},
     year = 2012,
      doi = {10.1007/978-3-642-30304-3},
   adsurl = {http://adsabs.harvard.edu/abs/2012sse..book.....K},
  adsnote = {Provided by the SAO/NASA Astrophysics Data System}
}


@BOOK{ESSPbook,
   author = {{Salaris}, M. and {Cassisi}, S.},
    title = "{Evolution of Stars and Stellar Populations}",
booktitle = {Evolution of Stars and Stellar Populations by Maurizio Salaris and Santi Cassisi.~Wiley, 2006.~ISBN: 978-0-470-09219-4},
     year = 2006,
   adsurl = {http://adsabs.harvard.edu/abs/2006essp.book.....S},
  adsnote = {Provided by the SAO/NASA Astrophysics Data System}
}


@ARTICLE{SalarisWD,
   author = {{Salaris}, M. and {Althaus}, L.~G. and {Garc{\'{\i}}a-Berro}, E.
  },
    title = "{Comparison of theoretical white dwarf cooling timescales}",
  journal = {\aap},
archivePrefix = "arXiv",
   eprint = {1306.2575},
 primaryClass = "astro-ph.SR",
 keywords = {stars: interiors, stars: evolution, white dwarfs},
     year = 2013,
    month = jul,
   volume = 555,
      eid = {A96},
    pages = {A96},
      doi = {10.1051/0004-6361/201220622},
   adsurl = {http://adsabs.harvard.edu/abs/2013A%26A...555A..96S},
  adsnote = {Provided by the SAO/NASA Astrophysics Data System}
}



@MISC{gadgetviewer,
   author = {{Helly}, J. ~C.},
    title = "{gadgetviewer}",
 keywords = {Software},
      year = 2003,
    }

@MISC{GIZMO,
   author = {{Hopkins}, P.~F.},
    title = "{GIZMO: Multi-method magneto-hydrodynamics+gravity code}",
 keywords = {Software},
howpublished = {Astrophysics Source Code Library},
     year = 2014,
    month = oct,
archivePrefix = "ascl",
   eprint = {1410.003},
   adsurl = {http://adsabs.harvard.edu/abs/2014ascl.soft10003H},
  adsnote = {Provided by the SAO/NASA Astrophysics Data System}
}


@ARTICLE{healpy,
   author = {{G{\'o}rski}, K.~M. and {Hivon}, E. and {Banday}, A.~J. and 
  {Wandelt}, B.~D. and {Hansen}, F.~K. and {Reinecke}, M. and 
  {Bartelmann}, M.},
    title = "{HEALPix: A Framework for High-Resolution Discretization and Fast Analysis of Data Distributed on the Sphere}",
  journal = {\apj},
   eprint = {arXiv:astro-ph/0409513},
 keywords = {Cosmology: Cosmic Microwave Background, Cosmology: Observations, Methods: Statistical},
     year = 2005,
    month = apr,
   volume = 622,
    pages = {759-771},
      doi = {10.1086/427976},
   adsurl = {http://adsabs.harvard.edu/abs/2005ApJ...622..759G},
  adsnote = {Provided by the SAO/NASA Astrophysics Data System}
}


@INPROCEEDINGS{AREPO,
   author = {{Springel}, V.},
    title = "{Moving-mesh hydrodynamics with the AREPO code}",
 keywords = {hydrodynamics, methods: numerical, radiative transfer},
booktitle = {Computational Star Formation},
     year = 2011,
   series = {IAU Symposium},
   volume = 270,
   editor = {{Alves}, J. and {Elmegreen}, B.~G. and {Girart}, J.~M. and {Trimble}, V.
  },
    month = apr,
    pages = {203-206},
      doi = {10.1017/S1743921311000378},
   adsurl = {http://adsabs.harvard.edu/abs/2011IAUS..270..203S},
  adsnote = {Provided by the SAO/NASA Astrophysics Data System}
}


@ARTICLE{AstroBEAR,
   author = {{Cunningham}, A.~J. and {Frank}, A. and {Varni{\`e}re}, P. and 
  {Mitran}, S. and {Jones}, T.~W.},
    title = "{Simulating Magnetohydrodynamical Flow with Constrained Transport and Adaptive Mesh Refinement: Algorithms and Tests of the AstroBEAR Code}",
  journal = {\apjs},
archivePrefix = "arXiv",
   eprint = {0710.0424},
 keywords = {methods: numerical, MHD},
     year = 2009,
    month = jun,
   volume = 182,
    pages = {519-542},
      doi = {10.1088/0067-0049/182/2/519},
   adsurl = {http://adsabs.harvard.edu/abs/2009ApJS..182..519C},
  adsnote = {Provided by the SAO/NASA Astrophysics Data System}
}




@ARTICLE{GADGET,
   author = {{Springel}, V.},
    title = "{The cosmological simulation code GADGET-2}",
  journal = {\mnras},
   eprint = {astro-ph/0505010},
 keywords = {methods: numerical, galaxies: interactions, dark matter},
     year = 2005,
    month = dec,
   volume = 364,
    pages = {1105-1134},
      doi = {10.1111/j.1365-2966.2005.09655.x},
   adsurl = {http://adsabs.harvard.edu/abs/2005MNRAS.364.1105S},
  adsnote = {Provided by the SAO/NASA Astrophysics Data System}
}


@ARTICLE{Springel2010,
   author = {{Springel}, V.},
    title = "{Smoothed Particle Hydrodynamics in Astrophysics}",
  journal = {\araa},
archivePrefix = "arXiv",
   eprint = {1109.2219},
 primaryClass = "astro-ph.CO",
     year = 2010,
    month = sep,
   volume = 48,
    pages = {391-430},
      doi = {10.1146/annurev-astro-081309-130914},
   adsurl = {http://adsabs.harvard.edu/abs/2010ARA%26A..48..391S},
  adsnote = {Provided by the SAO/NASA Astrophysics Data System}
}


@ARTICLE{Rosswog,
   author = {{Rosswog}, S.},
    title = "{Astrophysical smooth particle hydrodynamics}",
  journal = {\nar},
archivePrefix = "arXiv",
   eprint = {0903.5075},
 primaryClass = "astro-ph.IM",
     year = 2009,
    month = apr,
   volume = 53,
    pages = {78-104},
      doi = {10.1016/j.newar.2009.08.007},
   adsurl = {http://adsabs.harvard.edu/abs/2009NewAR..53...78R},
  adsnote = {Provided by the SAO/NASA Astrophysics Data System}
}




@ARTICLE{Goldbaum,
   author = {{Goldbaum}, N.~J},
    title = "{Extracting Insights from Astrophysics Simulations}",
  journal = {ArXiv e-prints},
archivePrefix = "arXiv",
   eprint = {1711.10373},
 primaryClass = "astro-ph.IM",
 keywords = {Astrophysics - Instrumentation and Methods for Astrophysics},
     year = 2017,
    month = nov,
   adsurl = {http://adsabs.harvard.edu/abs/2017arXiv171110373G},
  adsnote = {Provided by the SAO/NASA Astrophysics Data System}
}




@ARTICLE{Mohamed12,
   author = {{Mohamed}, S. and {Mackey}, J. and {Langer}, N.},
    title = "{3D simulations of Betelgeuse's bow shock}",
  journal = {\aap},
archivePrefix = "arXiv",
   eprint = {1109.1555},
 primaryClass = "astro-ph.SR",
 keywords = {hydrodynamics, instabilities, circumstellar matter, stars: winds, outflows, supergiants, ISM: structure},
     year = 2012,
    month = may,
   volume = 541,
      eid = {A1},
    pages = {A1},
      doi = {10.1051/0004-6361/201118002},
   adsurl = {http://adsabs.harvard.edu/abs/2012A%26A...541A...1M},
  adsnote = {Provided by the SAO/NASA Astrophysics Data System}
}



@ARTICLE{BoothMohamed16,
   author = {{Booth}, R.~A. and {Mohamed}, S. and {Podsiadlowski}, P.},
    title = "{Modelling the circumstellar medium in RS Ophiuchi and its link to Type Ia supernovae}",
  journal = {\mnras},
archivePrefix = "arXiv",
   eprint = {1601.02635},
 primaryClass = "astro-ph.HE",
 keywords = {binaries: symbiotic, circumstellar matter, stars: individual: (RS Oph), novae, cataclysmic variables, supernovae general, stars: winds, outflows},
     year = 2016,
    month = mar,
   volume = 457,
    pages = {822-835},
      doi = {10.1093/mnras/stw001},
   adsurl = {http://adsabs.harvard.edu/abs/2016MNRAS.457..822B},
  adsnote = {Provided by the SAO/NASA Astrophysics Data System}
}


@ARTICLE{RamstedtMohamed17,
   author = {{Ramstedt}, S. and {Mohamed}, S. and {Vlemmings}, W.~H.~T. and 
  {Danilovich}, T. and {Brunner}, M. and {De Beck}, E. and {Humphreys}, E.~M.~L. and 
  {Lindqvist}, M. and {Maercker}, M. and {Olofsson}, H. and {Kerschbaum}, F. and 
  {Quintana-Lacaci}, G.},
    title = "{The circumstellar envelope around the S-type AGB star W Aql. Effects of an eccentric binary orbit}",
  journal = {\aap},
archivePrefix = "arXiv",
   eprint = {1709.07327},
 primaryClass = "astro-ph.SR",
 keywords = {stars: AGB and post-AGB, circumstellar matter, binaries: general, submillimeter: stars},
     year = 2017,
    month = sep,
   volume = 605,
      eid = {A126},
    pages = {A126},
      doi = {10.1051/0004-6361/201730934},
   adsurl = {http://adsabs.harvard.edu/abs/2017A%26A...605A.126R},
  adsnote = {Provided by the SAO/NASA Astrophysics Data System}
}



@ARTICLE{PriceSPH,
   author = {{Price}, D.~J.},
    title = "{Smoothed particle hydrodynamics and magnetohydrodynamics}",
  journal = {Journal of Computational Physics},
archivePrefix = "arXiv",
   eprint = {1012.1885},
 primaryClass = "astro-ph.IM",
     year = 2012,
    month = feb,
   volume = 231,
    pages = {759-794},
      doi = {10.1016/j.jcp.2010.12.011},
   adsurl = {http://adsabs.harvard.edu/abs/2012JCoPh.231..759P},
  adsnote = {Provided by the SAO/NASA Astrophysics Data System}
}


%%%%%% SPH Stuff above ^^^#####################################################################################

@ARTICLE{GS98,
   author = {{Grevesse}, N. and {Sauval}, A.~J.},
    title = "{Standard Solar Composition}",
  journal = {\ssr},
 keywords = {Sun: abundances, Meteorites: abundances, Solar spectroscopy},
     year = 1998,
    month = may,
   volume = 85,
    pages = {161-174},
      doi = {10.1023/A:1005161325181},
   adsurl = {http://adsabs.harvard.edu/abs/1998SSRv...85..161G},
  adsnote = {Provided by the SAO/NASA Astrophysics Data System}
}

@ARTICLE{Lattanzio84,
   author = {{Lattanzio}, J. V.},
   title = "{PhD Thesis}",
   journal = {Monash University, Australia},
   year = 1984,
}
}

@ARTICLE{Demarque86,
   author = {{Demarque}, P. and {Guenther}, D.~B. and {van Altena}, W.~F.
  },
    title = "{The case of Alpha Centauri - Mass, age and p-mode oscillation spectrum}",
  journal = {\apj},
 keywords = {Binary Stars, Centaurus Constellation, Stellar Evolution, Stellar Mass, Stellar Oscillations, Stellar Structure, Stellar Cores, Stellar Luminosity, Stellar Models, Stellar Parallax, Sun},
     year = 1986,
    month = jan,
   volume = 300,
    pages = {773-778},
      doi = {10.1086/163853},
   adsurl = {http://adsabs.harvard.edu/abs/1986ApJ...300..773D},
  adsnote = {Provided by the SAO/NASA Astrophysics Data System}
}


@INPROCEEDINGS{Trampedach07,
   author = {{Trampedach}, R.},
    title = "{A New Stellar Atmosphere Grid-in 3D}",
 keywords = {Stellar atmospheres, radiative transfer, opacity and line formation, Thermodynamic processes conduction convection equations of state, Stellar structure interiors evolution nucleosynthesis ages},
booktitle = {Unsolved Problems in Stellar Physics: A Conference in Honor of Douglas Gough},
     year = 2007,
   series = {American Institute of Physics Conference Series},
   volume = 948,
   editor = {{Stancliffe}, R.~J. and {Houdek}, G. and {Martin}, R.~G. and 
  {Tout}, C.~A.},
    month = nov,
    pages = {141-148},
      doi = {10.1063/1.2818962},
   adsurl = {http://adsabs.harvard.edu/abs/2007AIPC..948..141T},
  adsnote = {Provided by the SAO/NASA Astrophysics Data System}
}


@ARTICLE{Mathur12,
   author = {{Mathur}, S. and {Metcalfe}, T.~S. and {Woitaszek}, M. and {Bruntt}, H. and 
  {Verner}, G.~A. and {Christensen-Dalsgaard}, J. and {Creevey}, O.~L. and 
  {Do{\v g}an}, G. and {Basu}, S. and {Karoff}, C. and {Stello}, D. and 
  {Appourchaux}, T. and {Campante}, T.~L. and {Chaplin}, W.~J. and 
  {Garc{\'{\i}}a}, R.~A. and {Bedding}, T.~R. and {Benomar}, O. and 
  {Bonanno}, A. and {Deheuvels}, S. and {Elsworth}, Y. and {Gaulme}, P. and 
  {Guzik}, J.~A. and {Handberg}, R. and {Hekker}, S. and {Herzberg}, W. and 
  {Monteiro}, M.~J.~P.~F.~G. and {Piau}, L. and {Quirion}, P.-O. and 
  {R{\'e}gulo}, C. and {Roth}, M. and {Salabert}, D. and {Serenelli}, A. and 
  {Thompson}, M.~J. and {Trampedach}, R. and {White}, T.~R. and 
  {Ballot}, J. and {Brand{\~a}o}, I.~M. and {Molenda-{\.Z}akowicz}, J. and 
  {Kjeldsen}, H. and {Twicken}, J.~D. and {Uddin}, K. and {Wohler}, B.
  },
    title = "{A Uniform Asteroseismic Analysis of 22 Solar-type Stars Observed by Kepler}",
  journal = {\apj},
archivePrefix = "arXiv",
   eprint = {1202.2844},
 primaryClass = "astro-ph.SR",
 keywords = {methods: numerical, stars: evolution, stars: interiors, stars: oscillations},
     year = 2012,
    month = apr,
   volume = 749,
      eid = {152},
    pages = {152},
      doi = {10.1088/0004-637X/749/2/152},
   adsurl = {http://adsabs.harvard.edu/abs/2012ApJ...749..152M},
  adsnote = {Provided by the SAO/NASA Astrophysics Data System}
}


@ARTICLE{Deheuvels11,
   author = {{Deheuvels}, S. and {Michel}, E.},
    title = "{Constraints on the structure of the core of subgiants via mixed modes: the case of HD 49385}",
  journal = {\aap},
archivePrefix = "arXiv",
   eprint = {1109.1191},
 primaryClass = "astro-ph.SR",
 keywords = {stars: oscillations, stars: evolution, stars: interiors, stars: individual: HD 49385},
     year = 2011,
    month = nov,
   volume = 535,
      eid = {A91},
    pages = {A91},
      doi = {10.1051/0004-6361/201117232},
   adsurl = {http://adsabs.harvard.edu/abs/2011A%26A...535A..91D},
  adsnote = {Provided by the SAO/NASA Astrophysics Data System}
}


@ARTICLE{TrampedachStein11,
   author = {{Trampedach}, R. and {Stein}, R.~F.},
    title = "{The Mass Mixing Length in Convective Stellar Envelopes}",
  journal = {\apj},
archivePrefix = "arXiv",
   eprint = {1102.1102},
 primaryClass = "astro-ph.SR",
 keywords = {convection, methods: numerical, stars: late-type},
     year = 2011,
    month = apr,
   volume = 731,
      eid = {78},
    pages = {78},
      doi = {10.1088/0004-637X/731/2/78},
   adsurl = {http://adsabs.harvard.edu/abs/2011ApJ...731...78T},
  adsnote = {Provided by the SAO/NASA Astrophysics Data System}
}


@ARTICLE{Lastennet,
   author = {{Lastennet}, E. and {Fernandes}, J. and {Valls-Gabaud}, D. and 
  {Oblak}, E.},
    title = "{Disentangling discrepancies between stellar evolution  theory and sub-solar mass stars. The influence of the mixing length parameter for the UV Psc binary}",
  journal = {\aap},
   eprint = {astro-ph/0307360},
 keywords = {stars: individual: UV Psc, stars: fundamental parameters, stars: binaries: eclipsing, stars: abundances, stars: Hertzsprung-Russell (HR) and C-M diagrams},
     year = 2003,
    month = oct,
   volume = 409,
    pages = {611-618},
      doi = {10.1051/0004-6361:20031114},
   adsurl = {http://adsabs.harvard.edu/abs/2003A%26A...409..611L},
  adsnote = {Provided by the SAO/NASA Astrophysics Data System}
}


@ARTICLE{Lebreton01,
   author = {{Lebreton}, Y. and {Fernandes}, J. and {Lejeune}, T.},
    title = "{The helium content and age of the Hyades:. Constraints from five binary systems and Hipparcos parallaxes}",
  journal = {\aap},
   eprint = {astro-ph/0105497},
 keywords = {OPEN CLUSTERS AND ASSOCIATIONS: HYADES, STARS: FUNDAMENTAL PARAMETERS, STARS: INTERIORS, STARS: HERTZSPRUNG-, USSELL (HR) AND C-M DIAGRAM, STARS: INDIVIDUAL: VB22, THETA2, TAU, STARS: ROTATION},
     year = 2001,
    month = aug,
   volume = 374,
    pages = {540-553},
      doi = {10.1051/0004-6361:20010757},
   adsurl = {http://adsabs.harvard.edu/abs/2001A%26A...374..540L},
  adsnote = {Provided by the SAO/NASA Astrophysics Data System}
}


@ARTICLE{Morel00,
   author = {{Morel}, P. and {Morel}, C. and {Provost}, J. and {Berthomieu}, G.
  },
    title = "{Calibration of iota Pegasi system}",
  journal = {\aap},
   eprint = {astro-ph/9912307},
 keywords = {STARS: BINARIES: SPECTROSCOPIC, STARS: BINARIES: VISUAL, STARS: FUNDAMENTAL PARAMETERS, STARS: INDIVIDUAL: IOTA PEG},
     year = 2000,
    month = feb,
   volume = 354,
    pages = {636-644},
   adsurl = {http://adsabs.harvard.edu/abs/2000A%26A...354..636M},
  adsnote = {Provided by the SAO/NASA Astrophysics Data System}
}


@INPROCEEDINGS{LudwigSalaris99,
   author = {{Ludwig}, H.-G. and {Salaries}, M.},
    title = "{Convection and the Eclipsing Binary AI Phoenicis: How Well Can We Constrain the Mixing-Length parameter from Stellar Modelling?}",
booktitle = {Stellar Structure:  Theory and Test of Connective Energy Transport},
     year = 1999,
   series = {Astronomical Society of the Pacific Conference Series},
   volume = 173,
   editor = {{Gimenez}, A. and {Guinan}, E.~F. and {Montesinos}, B.},
    pages = {229},
   adsurl = {http://adsabs.harvard.edu/abs/1999ASPC..173..229L},
  adsnote = {Provided by the SAO/NASA Astrophysics Data System}
}



@ARTICLE{Metcalfe12,
   author = {{Metcalfe}, T.~S. and {Chaplin}, W.~J. and {Appourchaux}, T. and 
  {Garc{\'{\i}}a}, R.~A. and {Basu}, S. and {Brand{\~a}o}, I. and 
  {Creevey}, O.~L. and {Deheuvels}, S. and {Do{\v g}an}, G. and 
  {Eggenberger}, P. and {Karoff}, C. and {Miglio}, A. and {Stello}, D. and 
  {Y{\i}ld{\i}z}, M. and {{\c C}elik}, Z. and {Antia}, H.~M. and 
  {Benomar}, O. and {Howe}, R. and {R{\'e}gulo}, C. and {Salabert}, D. and 
  {Stahn}, T. and {Bedding}, T.~R. and {Davies}, G.~R. and {Elsworth}, Y. and 
  {Gizon}, L. and {Hekker}, S. and {Mathur}, S. and {Mosser}, B. and 
  {Bryson}, S.~T. and {Still}, M.~D. and {Christensen-Dalsgaard}, J. and 
  {Gilliland}, R.~L. and {Kawaler}, S.~D. and {Kjeldsen}, H. and 
  {Ibrahim}, K.~A. and {Klaus}, T.~C. and {Li}, J.},
    title = "{Asteroseismology of the Solar Analogs 16 Cyg A and B from Kepler Observations}",
  journal = {\apjl},
archivePrefix = "arXiv",
   eprint = {1201.5966},
 primaryClass = "astro-ph.SR",
 keywords = {stars: fundamental parameters, stars: individual: HD 186408 HD 186427, stars: interiors, stars: oscillations, stars: solar-type},
     year = 2012,
    month = mar,
   volume = 748,
      eid = {L10},
    pages = {L10},
      doi = {10.1088/2041-8205/748/1/L10},
   adsurl = {http://adsabs.harvard.edu/abs/2012ApJ...748L..10M},
  adsnote = {Provided by the SAO/NASA Astrophysics Data System}
}


@ARTICLE{Metcalfe10,
   author = {{Metcalfe}, T.~S. and {Monteiro}, M.~J.~P.~F.~G. and {Thompson}, M.~J. and 
  {Molenda-{\.Z}akowicz}, J. and {Appourchaux}, T. and {Chaplin}, W.~J. and 
  {Do{\v g}an}, G. and {Eggenberger}, P. and {Bedding}, T.~R. and 
  {Bruntt}, H. and {Creevey}, O.~L. and {Quirion}, P.-O. and {Stello}, D. and 
  {Bonanno}, A. and {Silva Aguirre}, V. and {Basu}, S. and {Esch}, L. and 
  {Gai}, N. and {Di Mauro}, M.~P. and {Kosovichev}, A.~G. and 
  {Kitiashvili}, I.~N. and {Su{\'a}rez}, J.~C. and {Moya}, A. and 
  {Piau}, L. and {Garc{\'{\i}}a}, R.~A. and {Marques}, J.~P. and 
  {Frasca}, A. and {Biazzo}, K. and {Sousa}, S.~G. and {Dreizler}, S. and 
  {Bazot}, M. and {Karoff}, C. and {Frandsen}, S. and {Wilson}, P.~A. and 
  {Brown}, T.~M. and {Christensen-Dalsgaard}, J. and {Gilliland}, R.~L. and 
  {Kjeldsen}, H. and {Campante}, T.~L. and {Fletcher}, S.~T. and 
  {Handberg}, R. and {R{\'e}gulo}, C. and {Salabert}, D. and {Schou}, J. and 
  {Verner}, G.~A. and {Ballot}, J. and {Broomhall}, A.-M. and 
  {Elsworth}, Y. and {Hekker}, S. and {Huber}, D. and {Mathur}, S. and 
  {New}, R. and {Roxburgh}, I.~W. and {Sato}, K.~H. and {White}, T.~R. and 
  {Borucki}, W.~J. and {Koch}, D.~G. and {Jenkins}, J.~M.},
    title = "{A Precise Asteroseismic Age and Radius for the Evolved Sun-like Star KIC 11026764}",
  journal = {\apj},
archivePrefix = "arXiv",
   eprint = {1010.4329},
 primaryClass = "astro-ph.SR",
 keywords = {stars: evolution, stars: individual: KIC 11026764, stars: interiors, stars: oscillations},
     year = 2010,
    month = nov,
   volume = 723,
    pages = {1583-1598},
      doi = {10.1088/0004-637X/723/2/1583},
   adsurl = {http://adsabs.harvard.edu/abs/2010ApJ...723.1583M},
  adsnote = {Provided by the SAO/NASA Astrophysics Data System}
}



@ARTICLE{Miglio05,
   author = {{Miglio}, A. and {Montalb{\'a}n}, J.},
    title = "{Constraining fundamental stellar parameters using seismology. Application to {$\alpha$} Centauri AB}",
  journal = {\aap},
   eprint = {astro-ph/0505537},
 keywords = {stars: oscillations, stars: interiors, stars: fundamental parameters, stars: individual: {$\alpha$} Cen},
     year = 2005,
    month = oct,
   volume = 441,
    pages = {615-629},
      doi = {10.1051/0004-6361:20052988},
   adsurl = {http://adsabs.harvard.edu/abs/2005A%26A...441..615M},
  adsnote = {Provided by the SAO/NASA Astrophysics Data System}
}


@ARTICLE{Fernandes95,
   author = {{Fernandes}, J. and {Neuforge}, C.},
    title = "{{$\alpha$} Centauri and convection theories.}",
  journal = {\aap},
 keywords = {STARS: $\{$ALPHA$\}$ CEN, STARS: FUNDAMENTAL PARAMETERS, STARS: INTERIORS, CONVECTION},
     year = 1995,
    month = mar,
   volume = 295,
    pages = {678},
   adsurl = {http://adsabs.harvard.edu/abs/1995A%26A...295..678F},
  adsnote = {Provided by the SAO/NASA Astrophysics Data System}
}



@ARTICLE{Asplund09,
   author = {{Asplund}, M. and {Grevesse}, N. and {Sauval}, A.~J. and {Scott}, P.
  },
    title = "{The Chemical Composition of the Sun}",
  journal = {\araa},
archivePrefix = "arXiv",
   eprint = {0909.0948},
 primaryClass = "astro-ph.SR",
     year = 2009,
    month = sep,
   volume = 47,
    pages = {481-522},
      doi = {10.1146/annurev.astro.46.060407.145222},
   adsurl = {http://adsabs.harvard.edu/abs/2009ARA%26A..47..481A},
  adsnote = {Provided by the SAO/NASA Astrophysics Data System}
}


@ARTICLE{Izotov,
   author = {{Izotov}, Y.~I. and {Thuan}, T.~X. and {Stasi{\'n}ska}, G.},
    title = "{The Primordial Abundance of $^{4}$He: A Self-consistent Empirical Analysis of Systematic Effects in a Large Sample of Low-Metallicity H II Regions}",
  journal = {\apj},
   eprint = {astro-ph/0702072},
 keywords = {Galaxies: Abundances, Galaxies: Irregular, Galaxies: ISM, ISM: H II Regions, ISM: Abundances},
     year = 2007,
    month = jun,
   volume = 662,
    pages = {15-38},
      doi = {10.1086/513601},
   adsurl = {http://adsabs.harvard.edu/abs/2007ApJ...662...15I},
  adsnote = {Provided by the SAO/NASA Astrophysics Data System}
}

@ARTICLE{Carigi,
   author = {{Carigi}, L. and {Peimbert}, M.},
    title = "{The Helium and heavy elements enrichment of the Galactic Disk}",
  journal = {  Rev. Mexicana Astron. Astrofis. },
archivePrefix = "arXiv",
   eprint = {0801.2867},
 keywords = {galaxies: abundances, galaxies: evolution, HII regions, ISM: abundances, ISM: individual (M17, Orion nebula), Sun: abundances},
     year = 2008,
    month = oct,
   volume = 44,
    pages = {341-354},
   adsurl = {http://adsabs.harvard.edu/abs/2008RMxAA..44..341C},
  adsnote = {Provided by the SAO/NASA Astrophysics Data System}
}


@ARTICLE{Gennaro,
   author = {{Gennaro}, M. and {Prada Moroni}, P.~G. and {Degl'Innocenti}, S.
  },
    title = "{{$\Delta$}Y/{$\Delta$}Z from the analysis of local K dwarfs}",
  journal = {\aap},
archivePrefix = "arXiv",
   eprint = {1005.0245},
 keywords = {Galaxy: fundamental parameters, solar neighborhood, stars: abundances, stars: low-mass},
     year = 2010,
    month = jul,
   volume = 518,
      eid = {A13},
    pages = {A13},
      doi = {10.1051/0004-6361/201014227},
   adsurl = {http://adsabs.harvard.edu/abs/2010A%26A...518A..13G},
  adsnote = {Provided by the SAO/NASA Astrophysics Data System}
}


@ARTICLE{Nsamba,
   author = {{Nsamba}, B. and {Monteiro}, M.~J.~P.~F.~G. and {Campante}, T.~L. and 
  {Cunha}, M.~S. and {Sousa}, S.~G.},
    title = "{{$\alpha$} Centauri A as a potential stellar model calibrator: establishing the nature of its core}",
  journal = {\mnras},
archivePrefix = "arXiv",
   eprint = {1805.09103},
 primaryClass = "astro-ph.SR",
 keywords = {{$\alpha$} Centauri A, method: asteroseismology, stars: fundamental parameters, stars: convection and radiation},
     year = 2018,
    month = may,
      doi = {10.1093/mnrasl/sly092},
   adsurl = {http://adsabs.harvard.edu/abs/2018MNRAS.tmpL..92N},
  adsnote = {Provided by the SAO/NASA Astrophysics Data System}
}

@ARTICLE{Schunker,
   author = {{Schunker}, H. and {Cameron}, R.~H. and {Gizon}, L. and {Moradi}, H.
  },
    title = "{Constructing and Characterising Solar Structure Models for Computational Helioseismology}",
  journal = {\solphys},
archivePrefix = "arXiv",
   eprint = {1105.0219},
 primaryClass = "astro-ph.SR",
 keywords = {Solar models, Helioseismology, Numerical methods},
     year = 2011,
    month = jul,
   volume = 271,
    pages = {1-26},
      doi = {10.1007/s11207-011-9790-x},
   adsurl = {http://adsabs.harvard.edu/abs/2011SoPh..271....1S},
  adsnote = {Provided by the SAO/NASA Astrophysics Data System}
}


@ARTICLE{Kim1999,
   author = {{Kim}, Y.-C.},
    title = "{Standard Stellar Models; alpha Cen A and B}",
  journal = {Journal of Korean Astronomical Society},
 keywords = {STARS: EVOLUTION, STARS: INDIVIDUAL(ALPHA CENTAURI), STARS: INTERIOR, STARS: OSCILLATIONS},
     year = 1999,
    month = oct,
   volume = 32,
    pages = {119-126},
   adsurl = {http://adsabs.harvard.edu/abs/1999JKAS...32..119K},
  adsnote = {Provided by the SAO/NASA Astrophysics Data System}
}

@ARTICLE{Lebreton,
   author = {{Lebreton}, Y. and {Goupil}, M.~J.},
    title = "{Asteroseismology for ``{\`a} la carte'' stellar age-dating and weighing. Age and mass of the CoRoT exoplanet host HD 52265}",
  journal = {\aap},
archivePrefix = "arXiv",
   eprint = {1406.0652},
 primaryClass = "astro-ph.SR",
 keywords = {asteroseismology, stars: evolution, stars: fundamental parameters, planets and satellites: fundamental parameters, stars: individual: HD 52265, stars: interiors},
     year = 2014,
    month = sep,
   volume = 569,
      eid = {A21},
    pages = {A21},
      doi = {10.1051/0004-6361/201423797},
   adsurl = {http://adsabs.harvard.edu/abs/2014A%26A...569A..21L},
  adsnote = {Provided by the SAO/NASA Astrophysics Data System}
}



@ARTICLE{BouchyCarrier,
   author = {{Bouchy}, F. and {Carrier}, F.},
    title = "{P-mode observations on {$\alpha$} Cen A}",
  journal = {\aap},
   eprint = {astro-ph/0107099},
 keywords = {STARS: INDIVIDUAL: ALPHA CEN A, STARS: OSCILLATIONS, TECHNIQUES: RADIAL VELOCITIES},
     year = 2001,
    month = jul,
   volume = 374,
    pages = {L5-L8},
      doi = {10.1051/0004-6361:20010792},
   adsurl = {http://adsabs.harvard.edu/abs/2001A%26A...374L...5B},
  adsnote = {Provided by the SAO/NASA Astrophysics Data System}
}



@ARTICLE{Aguirre15,
   author = {{Silva Aguirre}, V. and {Davies}, G.~R. and {Basu}, S. and {Christensen-Dalsgaard}, J. and 
  {Creevey}, O. and {Metcalfe}, T.~S. and {Bedding}, T.~R. and 
  {Casagrande}, L. and {Handberg}, R. and {Lund}, M.~N. and {Nissen}, P.~E. and 
  {Chaplin}, W.~J. and {Huber}, D. and {Serenelli}, A.~M. and 
  {Stello}, D. and {Van Eylen}, V. and {Campante}, T.~L. and {Elsworth}, Y. and 
  {Gilliland}, R.~L. and {Hekker}, S. and {Karoff}, C. and {Kawaler}, S.~D. and 
  {Kjeldsen}, H. and {Lundkvist}, M.~S.},
    title = "{Ages and fundamental properties of Kepler exoplanet host stars from asteroseismology}",
  journal = {\mnras},
archivePrefix = "arXiv",
   eprint = {1504.07992},
 primaryClass = "astro-ph.SR",
 keywords = {asteroseismology, planets and satellites: fundamental parameters, stars: evolution, stars: fundamental parameters, stars: oscillations, planetary systems},
     year = 2015,
    month = sep,
   volume = 452,
    pages = {2127-2148},
      doi = {10.1093/mnras/stv1388},
   adsurl = {http://adsabs.harvard.edu/abs/2015MNRAS.452.2127S},
  adsnote = {Provided by the SAO/NASA Astrophysics Data System}
}



@ARTICLE{Yildiz,
   author = {{Y{\i}ld{\i}z}, M.},
    title = "{Models of {$\alpha$} Centauri A and B with and without seismic constraints: time dependence of the mixing-length parameter}",
  journal = {\mnras},
   eprint = {astro-ph/0611733},
 keywords = {stars: abundances, binaries: visual, stars: evolution, stars: individual: {$\alpha$} Centauri, stars: interiors, stars: oscillations},
     year = 2007,
    month = feb,
   volume = 374,
    pages = {1264-1270},
      doi = {10.1111/j.1365-2966.2006.11218.x},
   adsurl = {http://adsabs.harvard.edu/abs/2007MNRAS.374.1264Y},
  adsnote = {Provided by the SAO/NASA Astrophysics Data System}
}


@ARTICLE{Miglio,
   author = {{Miglio}, A. and {Montalb{\'a}n}, J.},
    title = "{Constraining fundamental stellar parameters using seismology. Application to {$\alpha$} Centauri AB}",
  journal = {\aap},
   eprint = {astro-ph/0505537},
 keywords = {stars: oscillations, stars: interiors, stars: fundamental parameters, stars: individual: {$\alpha$} Cen},
     year = 2005,
    month = oct,
   volume = 441,
    pages = {615-629},
      doi = {10.1051/0004-6361:20052988},
   adsurl = {http://adsabs.harvard.edu/abs/2005A%26A...441..615M},
  adsnote = {Provided by the SAO/NASA Astrophysics Data System}
}

@ARTICLE{Lundkvist,
   author = {{Lundkvist}, M. and {Kjeldsen}, H. and {Silva Aguirre}, V.},
    title = "{AME - Asteroseismology Made Easy. Estimating stellar properties by using scaled models}",
  journal = {\aap},
archivePrefix = "arXiv",
   eprint = {1404.2099},
 primaryClass = "astro-ph.SR",
 keywords = {asteroseismology, stars: fundamental parameters, stars: low-mass, stars: solar-type},
     year = 2014,
    month = jun,
   volume = 566,
      eid = {A82},
    pages = {A82},
      doi = {10.1051/0004-6361/201423408},
   adsurl = {http://adsabs.harvard.edu/abs/2014A%26A...566A..82L},
  adsnote = {Provided by the SAO/NASA Astrophysics Data System}
}


@ARTICLE{Viani,
   author = {{Viani}, L.~S. and {Basu}, S. and {Joel Ong J.}, M. and {Bonaca}, A. and 
  {Chaplin}, W.~J.},
    title = "{Investigating the Metallicity{\ndash}Mixing-length Relation}",
  journal = {\apj},
archivePrefix = "arXiv",
   eprint = {1803.05924},
 primaryClass = "astro-ph.SR",
 keywords = {stars: fundamental parameters, stars: interiors, stars: oscillations: including pulsations },
     year = 2018,
    month = may,
   volume = 858,
      eid = {28},
    pages = {28},
      doi = {10.3847/1538-4357/aab7eb},
   adsurl = {http://adsabs.harvard.edu/abs/2018ApJ...858...28V},
  adsnote = {Provided by the SAO/NASA Astrophysics Data System}
}


@ARTICLE{Bazot2016,
   author = {{Bazot}, M. and {Christensen-Dalsgaard}, J. and {Gizon}, L. and 
  {Benomar}, O.},
    title = "{On the uncertain nature of the core of {$\alpha$} Cen A}",
  journal = {\mnras},
archivePrefix = "arXiv",
   eprint = {1603.07583},
 primaryClass = "astro-ph.SR",
 keywords = {convection, methods: statistical, stars: evolution, stars: individual: {$\alpha$} Cen A, stars: interiors, stars: oscillations},
     year = 2016,
    month = aug,
   volume = 460,
    pages = {1254-1269},
      doi = {10.1093/mnras/stw921},
   adsurl = {http://adsabs.harvard.edu/abs/2016MNRAS.460.1254B},
  adsnote = {Provided by the SAO/NASA Astrophysics Data System}
}



@ARTICLE{Liu2018,
   author = {{Liu}, F. and {Yong}, D. and {Asplund}, M. and {Feltzing}, S. and 
  {Mustill}, A.~J. and {Mel{\'e}ndez}, J. and {Ram{\'{\i}}rez}, I. and 
  {Lin}, J.},
    title = "{Detailed chemical compositions of the wide binary HD 80606/80607: revised stellar properties and constraints on planet formation}",
  journal = {ArXiv e-prints},
archivePrefix = "arXiv",
   eprint = {1802.09306},
 primaryClass = "astro-ph.SR",
 keywords = {Astrophysics - Solar and Stellar Astrophysics, Astrophysics - Earth and Planetary Astrophysics},
     year = 2018,
    month = feb,
   adsurl = {http://adsabs.harvard.edu/abs/2018arXiv180209306L},
  adsnote = {Provided by the SAO/NASA Astrophysics Data System}
}


@ARTICLE{Mack2016,
   author = {{Mack}, III, C.~E. and {Stassun}, K.~G. and {Schuler}, S.~C. and 
  {Hebb}, L. and {Pepper}, J.~A.},
    title = "{Detailed Abundances of Planet-hosting Wide Binaries. II. HD80606+HD80607}",
  journal = {\apj},
archivePrefix = "arXiv",
   eprint = {1601.00018},
 primaryClass = "astro-ph.SR",
 keywords = {binaries: visual, planetary systems, stars: abundances, stars: individual: HD 80606, HD 80607},
     year = 2016,
    month = feb,
   volume = 818,
      eid = {54},
    pages = {54},
      doi = {10.3847/0004-637X/818/1/54},
   adsurl = {http://adsabs.harvard.edu/abs/2016ApJ...818...54M},
  adsnote = {Provided by the SAO/NASA Astrophysics Data System}
}



@ARTICLE{Vogt2012,
   author = {{Vogt}, N. and {Schmidt}, T.~O.~B. and {Neuh{\"a}user}, R. and 
  {Bedalov}, A. and {Roell}, T. and {Seifahrt}, A. and {Mugrauer}, M.
  },
    title = "{Astrometric confirmation of young low-mass binaries and multiple systems in the Chamaeleon star-forming regions}",
  journal = {\aap},
archivePrefix = "arXiv",
   eprint = {1204.3332},
 primaryClass = "astro-ph.SR",
 keywords = {stars: imaging, stars: pre-main sequence, binaries: general, binaries: close, astrometry, infrared: stars},
     year = 2012,
    month = oct,
   volume = 546,
      eid = {A63},
    pages = {A63},
      doi = {10.1051/0004-6361/201118410},
   adsurl = {http://adsabs.harvard.edu/abs/2012A%26A...546A..63V},
  adsnote = {Provided by the SAO/NASA Astrophysics Data System}
}



@ARTICLE{King2012,
   author = {{King}, R.~R. and {Parker}, R.~J. and {Patience}, J. and {Goodwin}, S.~P.
  },
    title = "{Testing the universality of star formation - I. Multiplicity in nearby star-forming regions}",
  journal = {\mnras},
archivePrefix = "arXiv",
   eprint = {1201.1311},
 primaryClass = "astro-ph.SR",
 keywords = {methods: numerical, binaries: general, stars: formation, stars: kinematics and dynamics, open clusters and associations: general},
     year = 2012,
    month = apr,
   volume = 421,
    pages = {2025-2042},
      doi = {10.1111/j.1365-2966.2012.20437.x},
   adsurl = {http://adsabs.harvard.edu/abs/2012MNRAS.421.2025K},
  adsnote = {Provided by the SAO/NASA Astrophysics Data System}
}



@ARTICLE{Reipurth,
   author = {{Reipurth}, B. and {Mikkola}, S.},
    title = "{Formation of the widest binary stars from dynamical unfolding of triple systems}",
  journal = {\nat},
archivePrefix = "arXiv",
   eprint = {1212.1246},
     year = 2012,
    month = dec,
   volume = 492,
    pages = {221-224},
      doi = {10.1038/nature11662},
   adsurl = {http://adsabs.harvard.edu/abs/2012Natur.492..221R},
  adsnote = {Provided by the SAO/NASA Astrophysics Data System}
}


@ARTICLE{Floranes,
   author = {{Ot{\'{\i}} Floranes}, H. and {Christensen-Dalsgaard}, J. and 
  {Thompson}, M.~J.},
    title = "{The use of frequency-separation ratios for asteroseismology}",
  journal = {\mnras},
 keywords = {Sun: oscillations, stars: interiors, stars: variables: other},
     year = 2005,
    month = jan,
   volume = 356,
    pages = {671-679},
      doi = {10.1111/j.1365-2966.2004.08487.x},
   adsurl = {http://adsabs.harvard.edu/abs/2005MNRAS.356..671O},
  adsnote = {Provided by the SAO/NASA Astrophysics Data System}
}



@ARTICLE{RoxVoronstov,
   author = {{Roxburgh}, I.~W. and {Vorontsov}, S.~V.},
    title = "{The ratio of small to large separations of acoustic oscillations as a diagnostic of the interior of solar-like stars}",
  journal = {\aap},
 keywords = {stars: oscillations},
     year = 2003,
    month = nov,
   volume = 411,
    pages = {215-220},
      doi = {10.1051/0004-6361:20031318},
   adsurl = {http://adsabs.harvard.edu/abs/2003A%26A...411..215R},
  adsnote = {Provided by the SAO/NASA Astrophysics Data System}
}

@ARTICLE{PortoDeMello08,
   author = {{Porto de Mello}, G.~F. and {Lyra}, W. and {Keller}, G.~R.},
    title = "{The Alpha Centauri binary system. Atmospheric parameters and element abundances}",
  journal = {\aap},
archivePrefix = "arXiv",
   eprint = {0804.3712},
 keywords = {stars: abundances, stars: fundamental parameters, stars: late-type, techniques: spectroscopic, stars: individual: {$\alpha$} Centauri},
     year = 2008,
    month = sep,
   volume = 488,
    pages = {653-666},
      doi = {10.1051/0004-6361:200810031},
   adsurl = {http://adsabs.harvard.edu/abs/2008A%26A...488..653P},
  adsnote = {Provided by the SAO/NASA Astrophysics Data System}
}

@ARTICLE{Kervella16,
   author = {{Kervella}, P. and {Mignard}, F. and {M{\'e}rand}, A. and {Th{\'e}venin}, F.
  },
    title = "{Close stellar conjunctions of {$\alpha$} Centauri A and B until 2050 . An m$_{K}$ = 7.8 star may enter the Einstein ring of {$\alpha$} Cen A in 2028}",
  journal = {\aap},
archivePrefix = "arXiv",
   eprint = {1610.06079},
 primaryClass = "astro-ph.SR",
 keywords = {astrometry, proper motions, stars: individual: {$\alpha$}Cen, stars: solar-type, binaries: general, ephemerides},
     year = 2016,
    month = oct,
   volume = 594,
      eid = {A107},
    pages = {A107},
      doi = {10.1051/0004-6361/201629201},
   adsurl = {http://adsabs.harvard.edu/abs/2016A%26A...594A.107K},
  adsnote = {Provided by the SAO/NASA Astrophysics Data System}
}




@ARTICLE{GoodKroup,
   author = {{Goodwin}, S.~P. and {Kroupa}, P.},
    title = "{Limits on the primordial stellar multiplicity}",
  journal = {\aap},
   eprint = {astro-ph/0505470},
 keywords = {stars: formation, binaries: general, stars:, low-mass, brown dwarfs},
     year = 2005,
    month = aug,
   volume = 439,
    pages = {565-569},
      doi = {10.1051/0004-6361:20052654},
   adsurl = {http://adsabs.harvard.edu/abs/2005A%26A...439..565G},
  adsnote = {Provided by the SAO/NASA Astrophysics Data System}
}


@ARTICLE{gong,
   author = {{Harvey}, J.~W. and {Hill}, F. and {Hubbard}, R.~P. and {Kennedy}, J.~R. and 
  {Leibacher}, J.~W. and {Pintar}, J.~A. and {Gilman}, P.~A. and 
  {Noyes}, R.~W. and {Title}, A.~M. and {Toomre}, J. and {Ulrich}, R.~K. and 
  {Bhatnagar}, A. and {Kennewell}, J.~A. and {Marquette}, W. and 
  {Patron}, J. and {Saa}, O. and {Yasukawa}, E.},
    title = "{The Global Oscillation Network Group (GONG) Project}",
  journal = {Science},
     year = 1996,
    month = may,
   volume = 272,
    pages = {1284-1286},
      doi = {10.1126/science.272.5266.1284},
   adsurl = {http://adsabs.harvard.edu/abs/1996Sci...272.1284H},
  adsnote = {Provided by the SAO/NASA Astrophysics Data System}
}

%% ^^^^ above, post 4/11/18
%----------------------------------------------------------------------------------------

@ARTICLE{Aguirre13,
   author = {{Silva Aguirre}, V. and {Basu}, S. and {Brand{\~a}o}, I.~M. and 
  {Christensen-Dalsgaard}, J. and {Deheuvels}, S. and {Do{\u g}an}, G. and 
  {Metcalfe}, T.~S. and {Serenelli}, A.~M. and {Ballot}, J. and 
  {Chaplin}, W.~J. and {Cunha}, M.~S. and {Weiss}, A. and {Appourchaux}, T. and 
  {Casagrande}, L. and {Cassisi}, S. and {Creevey}, O.~L. and 
  {Garc{\'{\i}}a}, R.~A. and {Lebreton}, Y. and {Noels}, A. and 
  {Sousa}, S.~G. and {Stello}, D. and {White}, T.~R. and {Kawaler}, S.~D. and 
  {Kjeldsen}, H.},
    title = "{Stellar Ages and Convective Cores in Field Main-sequence Stars: First Asteroseismic Application to Two Kepler Targets}",
  journal = {\apj},
archivePrefix = "arXiv",
   eprint = {1304.2772},
 primaryClass = "astro-ph.SR",
 keywords = {asteroseismology, stars: fundamental parameters, stars: interiors, stars: oscillations },
     year = 2013,
    month = jun,
   volume = 769,
      eid = {141},
    pages = {141},
      doi = {10.1088/0004-637X/769/2/141},
   adsurl = {http://adsabs.harvard.edu/abs/2013ApJ...769..141S},
  adsnote = {Provided by the SAO/NASA Astrophysics Data System}
}


@ARTICLE{deMeulenaer,
   author = {{de Meulenaer}, P. and {Carrier}, F. and {Miglio}, A. and {Bedding}, T.~R. and 
  {Campante}, T.~L. and {Eggenberger}, P. and {Kjeldsen}, H. and 
  {Montalb{\'a}n}, J.},
    title = "{Core properties of {$\alpha$} Centauri A using asteroseismology}",
  journal = {\aap},
archivePrefix = "arXiv",
   eprint = {1009.1237},
 primaryClass = "astro-ph.SR",
 keywords = {stars: individual: {$\alpha$} Cen A, stars: oscillations, stars: variables: general, stars: interiors},
     year = 2010,
    month = nov,
   volume = 523,
      eid = {A54},
    pages = {A54},
      doi = {10.1051/0004-6361/201014966},
   adsurl = {http://adsabs.harvard.edu/abs/2010A%26A...523A..54D},
  adsnote = {Provided by the SAO/NASA Astrophysics Data System}
}



@ARTICLE{White11,
   author = {{White}, T.~R. and {Bedding}, T.~R. and {Stello}, D. and {Christensen-Dalsgaard}, J. and 
  {Huber}, D. and {Kjeldsen}, H.},
    title = "{Calculating Asteroseismic Diagrams for Solar-like Oscillations}",
  journal = {\apj},
archivePrefix = "arXiv",
   eprint = {1109.3455},
 primaryClass = "astro-ph.SR",
 keywords = {stars: fundamental parameters, stars: interiors, stars: oscillations},
     year = 2011,
    month = dec,
   volume = 743,
      eid = {161},
    pages = {161},
      doi = {10.1088/0004-637X/743/2/161},
   adsurl = {http://adsabs.harvard.edu/abs/2011ApJ...743..161W},
  adsnote = {Provided by the SAO/NASA Astrophysics Data System}
}



@ARTICLE{Kjeldsen08,
   author = {{Kjeldsen}, H. and {Bedding}, T.~R. and {Christensen-Dalsgaard}, J.
  },
    title = "{Correcting Stellar Oscillation Frequencies for Near-Surface Effects}",
  journal = {\apjl},
archivePrefix = "arXiv",
   eprint = {0807.1769},
 keywords = {stars: individual: {$\beta$} Hyi {$\alpha$} Cen A {$\alpha$} Cen B, stars: oscillations, Sun: helioseismology},
     year = 2008,
    month = aug,
   volume = 683,
      eid = {L175},
    pages = {L175},
      doi = {10.1086/591667},
   adsurl = {http://adsabs.harvard.edu/abs/2008ApJ...683L.175K},
  adsnote = {Provided by the SAO/NASA Astrophysics Data System}
}


@ARTICLE{Lydon92,
   author = {{Lydon}, T.~J. and {Fox}, P.~A. and {Sofia}, S.},
    title = "{A formulation of convection for stellar structure and evolution calculations without the mixing-length theory approximations. I - Application to the sun}",
  journal = {\apj},
 keywords = {Mixing Length Flow Theory, Solar Interior, Stellar Convection, Stellar Evolution, Stellar Structure, Computational Astrophysics, Equations Of State, Mathematical Models, Solar Atmosphere, Stellar Models},
     year = 1992,
    month = oct,
   volume = 397,
    pages = {701-716},
      doi = {10.1086/171826},
   adsurl = {http://adsabs.harvard.edu/abs/1992ApJ...397..701L},
  adsnote = {Provided by the SAO/NASA Astrophysics Data System}
}

@ARTICLE{Bedding2004,
   author = {{Bedding}, T.~R. and {Kjeldsen}, H. and {Butler}, R.~P. and 
  {McCarthy}, C. and {Marcy}, G.~W. and {O'Toole}, S.~J. and {Tinney}, C.~G. and 
  {Wright}, J.~T.},
    title = "{Oscillation Frequencies and Mode Lifetimes in {$\alpha$} Centauri A}",
  journal = {\apj},
   eprint = {astro-ph/0406471},
 keywords = {Stars: Individual: Constellation Name: {$\alpha$} Centauri A, Stars: Oscillations, Techniques: Radial Velocities},
     year = 2004,
    month = oct,
   volume = 614,
    pages = {380-385},
      doi = {10.1086/423484},
   adsurl = {http://adsabs.harvard.edu/abs/2004ApJ...614..380B},
  adsnote = {Provided by the SAO/NASA Astrophysics Data System}
}


@ARTICLE{Joyce2018b,
       author = {{Joyce}, M. and {Chaboyer}, B.},
        title = "{Classically and Asteroseismically Constrained 1D Stellar Evolution Models of {\ensuremath{\alpha}} Centauri A and B Using Empirical Mixing Length Calibrations}",
      journal = {\apj},
     keywords = {asteroseismology, stars: evolution, stars: fundamental parameters, stars: interiors, Astrophysics - Solar and Stellar Astrophysics},
         year = "2018",
        month = "Sep",
       volume = {864},
       number = {1},
          eid = {99},
        pages = {99},
          doi = {10.3847/1538-4357/aad464},
archivePrefix = {arXiv},
       eprint = {1806.07567},
 primaryClass = {astro-ph.SR},
       adsurl = {https://ui.adsabs.harvard.edu/abs/2018ApJ...864...99J},
      adsnote = {Provided by the SAO/NASA Astrophysics Data System}
}


@ARTICLE{Joyce2018a,
   author = {{Joyce}, M. and {Chaboyer}, B.},
    title = "{Not All Stars Are the Sun: Empirical Calibration of the Mixing Length for Metal-poor Stars Using One-dimensional Stellar Evolution Models}",
  journal = {\apj},
archivePrefix = "arXiv",
   eprint = {1712.05082},
 primaryClass = "astro-ph.SR",
 keywords = {globular clusters: general, stars: evolution, stars: interiors, subdwarfs },
     year = 2018,
    month = mar,
   volume = 856,
      eid = {10},
    pages = {10},
      doi = {10.3847/1538-4357/aab200},
   adsurl = {http://adsabs.harvard.edu/abs/2018ApJ...856...10J},
  adsnote = {Provided by the SAO/NASA Astrophysics Data System}
}


@ARTICLE{VanBell85,
   author = {{Vandenberg}, D.~A. and {Bell}, R.~A.},
    title = "{Theoretical isochrones for globular clusters with predicted BVRI and Stromgren photometry}",
  journal = {\apjs},
 keywords = {Color-Magnitude Diagram, Globular Clusters, Stellar Evolution, Stellar Spectrophotometry, Tables (Data), Dwarf Stars, Main Sequence Stars, Milky Way Galaxy, Stellar Atmospheres, Stellar Color, Stellar Luminosity, Stellar Models, Stellar Temperature, Ubv Spectra},
     year = 1985,
    month = aug,
   volume = 58,
    pages = {561-621},
      doi = {10.1086/191052},
   adsurl = {http://adsabs.harvard.edu/abs/1985ApJS...58..561V},
  adsnote = {Provided by the SAO/NASA Astrophysics Data System}
}

@ARTICLE{BellGust78,
   author = {{Bell}, R.~A. and {Gustafsson}, B.},
    title = "{The Colours of G and K Type Giant Stars, II.}",
  journal = {\aaps},
     year = 1978,
    month = nov,
   volume = 34,
    pages = {229},
   adsurl = {http://adsabs.harvard.edu/abs/1978A%26AS...34..229B},
  adsnote = {Provided by the SAO/NASA Astrophysics Data System}
}

@INPROCEEDINGS{Dalsgaard97,
   author = {{Christensen-Dalsgaard}, J.},
    title = "{Effects of convection on the mean solar structure}",
 keywords = {SOLAR STRUCTURE, CONVECTION, HELIOSEISMOLOGY},
booktitle = {SCORe'96 : Solar Convection and Oscillations and their Relationship},
     year = 1997,
   series = {Astrophysics and Space Science Library},
   volume = 225,
   eprint = {astro-ph/9702104},
   editor = {{Pijpers}, F.~P. and {Christensen-Dalsgaard}, J. and {Rosenthal}, C.~S.
  },
    month = dec,
    pages = {3-22},
      doi = {10.1007/978-94-011-5167-2_1},
   adsurl = {http://adsabs.harvard.edu/abs/1997ASSL..225....3C},
  adsnote = {Provided by the SAO/NASA Astrophysics Data System}
}

@ARTICLE{Nord82,
   author = {{Nordlund}, A.},
    title = "{Numerical simulations of the solar granulation. I - Basic equations and methods}",
  journal = {\aap},
 keywords = {Computerized Simulation, Hydrodynamic Equations, Radiative Heat Transfer, Solar Granulation, Solar Physics, Continuity Equation, Convection Currents, Equations Of State, Fourier Series, Poisson Equation, Solar Atmosphere, Spectral Line Width, Spline Functions, Stellar Models},
     year = 1982,
    month = mar,
   volume = 107,
    pages = {1-10},
   adsurl = {http://adsabs.harvard.edu/abs/1982A%26A...107....1N},
  adsnote = {Provided by the SAO/NASA Astrophysics Data System}
}


@ARTICLE{SPLASH,
       author = {{Price}, Daniel J.},
        title = "{splash: An Interactive Visualisation Tool for Smoothed Particle Hydrodynamics Simulations}",
      journal = {\pasa},
     keywords = {hydrodynamics, methods: numerical, Astrophysics},
         year = "2007",
        month = "Oct",
       volume = {24},
       number = {3},
        pages = {159-173},
          doi = {10.1071/AS07022},
archivePrefix = {arXiv},
       eprint = {0709.0832},
 primaryClass = {astro-ph},
       adsurl = {https://ui.adsabs.harvard.edu/abs/2007PASA...24..159P},
      adsnote = {Provided by the SAO/NASA Astrophysics Data System}
}




@MISC{pygadgetreader,
   author = {{Thompson}, R.},
    title = "{pyGadgetReader: GADGET snapshot reader for python}",
 keywords = {Software},
howpublished = {Astrophysics Source Code Library},
     year = 2014,
    month = nov,
archivePrefix = "ascl",
   eprint = {1411.001},
   adsurl = {http://adsabs.harvard.edu/abs/2014ascl.soft11001T},
  adsnote = {Provided by the SAO/NASA Astrophysics Data System}
}


@ARTICLE{Tashibu,
   author = {{Tashibu}, S. and {Yasuda}, Y. and {Kozasa}, T.},
    title = "{Dust formation and mass loss around intermediate-mass AGB stars with initial metallicity Z$_{ini}$ {\le} 10$^{-4}$ in the early Universe - I. Effect of surface opacity on stellar evolution and the dust-driven wind}",
  journal = {\mnras},
archivePrefix = "arXiv",
   eprint = {1612.01695},
 primaryClass = "astro-ph.SR",
 keywords = {stars: abundances, stars: AGB and post-AGB, ISM: abundances, dust, extinction},
     year = 2017,
    month = apr,
   volume = 466,
    pages = {1709-1732},
      doi = {10.1093/mnras/stw3160},
   adsurl = {http://adsabs.harvard.edu/abs/2017MNRAS.466.1709T},
  adsnote = {Provided by the SAO/NASA Astrophysics Data System}
}


@ARTICLE{HEALPix,
   author = {{G{\'o}rski}, K.~M. and {Hivon}, E. and {Banday}, A.~J. and 
  {Wandelt}, B.~D. and {Hansen}, F.~K. and {Reinecke}, M. and 
  {Bartelmann}, M.},
    title = "{HEALPix: A Framework for High-Resolution Discretization and Fast Analysis of Data Distributed on the Sphere}",
  journal = {\apj},
   eprint = {astro-ph/0409513},
 keywords = {Cosmology: Cosmic Microwave Background, Cosmology: Observations, Methods: Statistical},
     year = 2005,
    month = apr,
   volume = 622,
    pages = {759-771},
      doi = {10.1086/427976},
   adsurl = {http://adsabs.harvard.edu/abs/2005ApJ...622..759G},
  adsnote = {Provided by the SAO/NASA Astrophysics Data System}
}


@ARTICLE{Ohlmann,
   author = {{Ohlmann}, S.~T. and {R{\"o}pke}, F.~K. and {Pakmor}, R. and 
  {Springel}, V.},
    title = "{Constructing stable 3D hydrodynamical models of giant stars}",
  journal = {\aap},
archivePrefix = "arXiv",
   eprint = {1612.00008},
 primaryClass = "astro-ph.SR",
 keywords = {hydrodynamics, methods: numerical, stars: general},
     year = 2017,
    month = mar,
   volume = 599,
      eid = {A5},
    pages = {A5},
      doi = {10.1051/0004-6361/201629692},
   adsurl = {http://adsabs.harvard.edu/abs/2017A%26A...599A...5O},
  adsnote = {Provided by the SAO/NASA Astrophysics Data System}
}


@ARTICLE{Pakmor2012,
   author = {{Pakmor}, R. and {Edelmann}, P. and {R{\"o}pke}, F.~K. and {Hillebrandt}, W.
  },
    title = "{Stellar GADGET: a smoothed particle hydrodynamics code for stellar astrophysics and its application to Type Ia supernovae from white dwarf mergers}",
  journal = {\mnras},
archivePrefix = "arXiv",
   eprint = {1205.5806},
 primaryClass = "astro-ph.HE",
 keywords = {hydrodynamics, methods: numerical, binaries: close, supernovae: general },
     year = 2012,
    month = aug,
   volume = 424,
    pages = {2222-2231},
      doi = {10.1111/j.1365-2966.2012.21383.x},
   adsurl = {http://adsabs.harvard.edu/abs/2012MNRAS.424.2222P},
  adsnote = {Provided by the SAO/NASA Astrophysics Data System}
}



@ARTICLE{SS2000,
   author = {{Steffen}, M. and {Sch{\"o}nberner}, D.},
    title = "{On the origin of thin detached gas shells around AGB stars. Insights from time-dependent hydrodynamical simulations}",
  journal = {\aap},
 keywords = {STARS: AGB AND POST-AGB, STARS: CIRCUMSTELLAR MATTER, STARS: MASS-LOSS, STARS: INDIVIDUAL: TT CYGNI, HYDRODYNAMICS, RADIATIVE TRANSFER},
     year = 2000,
    month = may,
   volume = 357,
    pages = {180-196},
   adsurl = {http://adsabs.harvard.edu/abs/2000A%26A...357..180S},
  adsnote = {Provided by the SAO/NASA Astrophysics Data System}
}


%--------------------------------- MESA2GADGET refs above--------------------------------------------------

@ARTICLE{Thoul94,
   author = {{Thoul}, A.~A. and {Bahcall}, J.~N. and {Loeb}, A.},
    title = "{Element diffusion in the solar interior}",
  journal = {\apj},
   eprint = {astro-ph/9304005},
 keywords = {Abundance, Diffusion, Flow Equations, Heavy Elements, Helium, Solar Interior, Stellar Composition, Stellar Models, Computerized Simulation, Stellar Evolution, Subroutines},
     year = 1994,
    month = feb,
   volume = 421,
    pages = {828-842},
      doi = {10.1086/173695},
   adsurl = {http://adsabs.harvard.edu/abs/1994ApJ...421..828T},
  adsnote = {Provided by the SAO/NASA Astrophysics Data System}
}


@ARTICLE{Thoul03,
   author = {{Thoul}, A. and {Scuflaire}, R. and {Noels}, A. and {Vatovez}, B. and 
  {Briquet}, M. and {Dupret}, M.-A. and {Montalban}, J.},
    title = "{A new seismic analysis of Alpha Centauri}",
  journal = {\aap},
   eprint = {astro-ph/0303467},
 keywords = {stars: binaries: visual, stars: individual: alpha Cen, stars: oscillations, stars: evolution},
     year = 2003,
    month = apr,
   volume = 402,
    pages = {293-297},
      doi = {10.1051/0004-6361:20030244},
   adsurl = {http://adsabs.harvard.edu/abs/2003A%26A...402..293T},
  adsnote = {Provided by the SAO/NASA Astrophysics Data System}
}


@ARTICLE{Broomhall,
   author = {{Broomhall}, A.-M. and {Chaplin}, W.~J. and {Davies}, G.~R. and 
  {Elsworth}, Y. and {Fletcher}, S.~T. and {Hale}, S.~J. and {Miller}, B. and 
  {New}, R.},
    title = "{Definitive Sun-as-a-star p-mode frequencies: 23 years of BiSON observations}",
  journal = {\mnras},
archivePrefix = "arXiv",
   eprint = {0903.5219},
 primaryClass = "astro-ph.SR",
 keywords = {methods: data analysis, Sun: oscillations},
     year = 2009,
    month = jun,
   volume = 396,
    pages = {L100-L104},
      doi = {10.1111/j.1745-3933.2009.00672.x},
   adsurl = {http://adsabs.harvard.edu/abs/2009MNRAS.396L.100B},
  adsnote = {Provided by the SAO/NASA Astrophysics Data System}
}



@ARTICLE{GYRE,
   author = {{Townsend}, R.~H.~D. and {Teitler}, S.~A.},
    title = "{GYRE: an open-source stellar oscillation code based on a new Magnus Multiple Shooting scheme}",
  journal = {\mnras},
archivePrefix = "arXiv",
   eprint = {1308.2965},
 primaryClass = "astro-ph.SR",
 keywords = {methods: numerical, stars: evolution, stars: interiors, stars: oscillations, stars: variables: general},
     year = 2013,
    month = nov,
   volume = 435,
    pages = {3406-3418},
      doi = {10.1093/mnras/stt1533},
   adsurl = {http://adsabs.harvard.edu/abs/2013MNRAS.435.3406T},
  adsnote = {Provided by the SAO/NASA Astrophysics Data System}
}


@ARTICLE{Kjeldsen,
   author = {{Kjeldsen}, H. and {Bedding}, T.~R. and {Butler}, R.~P. and 
  {Christensen-Dalsgaard}, J. and {Kiss}, L.~L. and {McCarthy}, C. and 
  {Marcy}, G.~W. and {Tinney}, C.~G. and {Wright}, J.~T.},
    title = "{Solar-like Oscillations in {$\alpha$} Centauri B}",
  journal = {\apj},
   eprint = {astro-ph/0508609},
 keywords = {Stars: Individual: Constellation Name: {$\alpha$} Centauri A, Stars: Individual: Constellation Name: {$\alpha$} Centauri B, Stars: Individual: Constellation Name: {$\beta$} Hydri, stars: individual ({$\delta$} Pavonis), Stars: Oscillations, Sun: Helioseismology},
     year = 2005,
    month = dec,
   volume = 635,
    pages = {1281-1290},
      doi = {10.1086/497530},
   adsurl = {http://adsabs.harvard.edu/abs/2005ApJ...635.1281K},
  adsnote = {Provided by the SAO/NASA Astrophysics Data System}
}


@ARTICLE{Kervella17,
   author = {{Kervella}, P. and {Bigot}, L. and {Gallenne}, A. and {Th{\'e}venin}, F.
  },
    title = "{The radii and limb darkenings of {$\alpha$} Centauri A and B . Interferometric measurements with VLTI/PIONIER}",
  journal = {\aap},
archivePrefix = "arXiv",
   eprint = {1610.06185},
 primaryClass = "astro-ph.SR",
 keywords = {stars: individual: Alpha Centauri, techniques: interferometric, stars: solar-type, stars: fundamental parameters, binaries: visual},
     year = 2017,
    month = jan,
   volume = 597,
      eid = {A137},
    pages = {A137},
      doi = {10.1051/0004-6361/201629505},
   adsurl = {http://adsabs.harvard.edu/abs/2017A%26A...597A.137K},
  adsnote = {Provided by the SAO/NASA Astrophysics Data System}
}


@ARTICLE{DiMauro,
   author = {{Di Mauro}, M.~P.},
    title = "{A review on Asteroseismology}",
  journal = {ArXiv e-prints},
archivePrefix = "arXiv",
   eprint = {1703.07604},
 primaryClass = "astro-ph.SR",
 keywords = {Astrophysics - Solar and Stellar Astrophysics},
     year = 2017,
    month = mar,
   adsurl = {http://adsabs.harvard.edu/abs/2017arXiv170307604D},
  adsnote = {Provided by the SAO/NASA Astrophysics Data System}
}

@ARTICLE{Bazot,
   author = {{Bazot}, M. and {Bouchy}, F. and {Kjeldsen}, H. and {Charpinet}, S. and 
  {Laymand}, M. and {Vauclair}, S.},
    title = "{Asteroseismology of {$\alpha$} Centauri A. Evidence of rotational splitting}",
  journal = {\aap},
archivePrefix = "arXiv",
   eprint = {0706.1682},
 keywords = {stars: individual: {$\alpha$} Centauri A, stars: oscillations, techniques: radial velocities},
     year = 2007,
    month = jul,
   volume = 470,
    pages = {295-302},
      doi = {10.1051/0004-6361:20065694},
   adsurl = {http://adsabs.harvard.edu/abs/2007A%26A...470..295B},
  adsnote = {Provided by the SAO/NASA Astrophysics Data System}
}


%---------------------------------- ALPHA CEN ABOVE ^^ ---------------------------------
@ARTICLE{ChabKim95,
   author = {{Chaboyer}, B. and {Kim}, Y.-C.},
    title = "{The OPAL Equation of State and Low-Metallicity Isochrones}",
  journal = {\apj},
   eprint = {astro-ph/9506097},
 keywords = {GALAXY: GLOBULAR CLUSTERS: GENERAL, STARS: INTERIORS, STARS: EVOLUTION, EQUATION OF STATE},
     year = 1995,
    month = dec,
   volume = 454,
    pages = {767},
      doi = {10.1086/176529},
   adsurl = {http://adsabs.harvard.edu/abs/1995ApJ...454..767C},
  adsnote = {Provided by the SAO/NASA Astrophysics Data System}
}



@ARTICLE{Chab2001,
   author = {{Chaboyer}, B. and {Fenton}, W.~H. and {Nelan}, J.~E. and {Patnaude}, D.~J. and 
  {Simon}, F.~E.},
    title = "{Heavy-Element Diffusion in Metal-poor Stars}",
  journal = {\apj},
   eprint = {astro-ph/0108119},
 keywords = {Diffusion, Galaxy: Globular Clusters: Individual: NGC Number: NGC 6397, Stars: Abundances, Stars: Evolution, Stars: Subdwarfs},
     year = 2001,
    month = nov,
   volume = 562,
    pages = {521-527},
      doi = {10.1086/323872},
   adsurl = {http://adsabs.harvard.edu/abs/2001ApJ...562..521C},
  adsnote = {Provided by the SAO/NASA Astrophysics Data System}
}


@ARTICLE{Chab95,
   author = {{Chaboyer}, B.},
    title = "{Absolute ages of globular clusters and the age of the universe}",
  journal = {\apjl},
   eprint = {astro-ph/9412015},
 keywords = {Chronology, Globular Clusters, Stellar Evolution, Stellar Interiors, Universe, Abundance, Distance, Metallicity, Mixing Ratios, Stellar Magnitude},
     year = 1995,
    month = may,
   volume = 444,
    pages = {L9-L12},
      doi = {10.1086/187847},
   adsurl = {http://adsabs.harvard.edu/abs/1995ApJ...444L...9C},
  adsnote = {Provided by the SAO/NASA Astrophysics Data System}
}

@ARTICLE{Chab98,
   author = {{Chaboyer}, B. and {Demarque}, P. and {Kernan}, P.~J. and {Krauss}, L.~M.
  },
    title = "{The Age of Globular Clusters in Light of Hipparcos: Resolving the Age Problem?}",
  journal = {\apj},
   eprint = {astro-ph/9706128},
 keywords = {COSMOLOGY: THEORY, COSMOLOGY: DISTANCE SCALE, GALAXY: GLOBULAR CLUSTERS: GENERAL, STARS: EVOLUTION, STARS: INTERIORS, STARS: POPULATION II, Cosmology: Theory, Cosmology: Distance Scale, Galaxy: Globular Clusters: General, Stars: Evolution, Stars: Interiors, Stars: Population II},
     year = 1998,
    month = feb,
   volume = 494,
    pages = {96-110},
      doi = {10.1086/305201},
   adsurl = {http://adsabs.harvard.edu/abs/1998ApJ...494...96C},
  adsnote = {Provided by the SAO/NASA Astrophysics Data System}
}



@ARTICLE{ChabKrauss,
   author = {{Chaboyer}, B. and {Krauss}, L.~M.},
    title = "{Theoretical Uncertainties in the Subgiant Mass-Age Relation and the Absolute Age of {$\omega$} Centauri}",
  journal = {\apjl},
   eprint = {astro-ph/0201443},
 keywords = {Cosmology: Theory, Galaxy: Globular Clusters: General, Galaxy: Globular Clusters: Individual: Name: {$\omega$} Centauri, Stars: Evolution, Stars: Interiors, Stars: Population II},
     year = 2002,
    month = mar,
   volume = 567,
    pages = {L45-L48},
      doi = {10.1086/339898},
   adsurl = {http://adsabs.harvard.edu/abs/2002ApJ...567L..45C},
  adsnote = {Provided by the SAO/NASA Astrophysics Data System}
}


@ARTICLE{Eddingtonttau,
   author = {{Eddington}, A.~S.},
    title = "{The effect of boundary conditions on the equilibrium of a star}",
  journal = {\mnras},
     year = 1930,
    month = jan,
   volume = 90,
    pages = {279},
      doi = {10.1093/mnras/90.3.279},
   adsurl = {http://adsabs.harvard.edu/abs/1930MNRAS..90..279E},
  adsnote = {Provided by the SAO/NASA Astrophysics Data System}
}


@ARTICLE{KrishnaSwamy,
   author = {Krishna Swamy, K.~S.},
  journal = {\apj},
     year = 1966,
    pages = {145-174},
}


@ARTICLE{SC2015,
   author = {{Salaris}, M. and {Cassisi}, S.},
    title = "{Stellar models with mixing length and T({$\tau$}) relations calibrated on 3D convection simulations}",
  journal = {\aap},
archivePrefix = "arXiv",
   eprint = {1503.04582},
 primaryClass = "astro-ph.SR",
 keywords = {convection, stars: evolution, Hertzsprung-Russell and C-M diagrams},
     year = 2015,
    month = may,
   volume = 577,
      eid = {A60},
    pages = {A60},
      doi = {10.1051/0004-6361/201525812},
   adsurl = {http://adsabs.harvard.edu/abs/2015A%26A...577A..60S},
  adsnote = {Provided by the SAO/NASA Astrophysics Data System}
}


@ARTICLE{Kervella08,
   author = {{Kervella}, P. and {M{\'e}rand}, A. and {Pichon}, B. and {Th{\'e}venin}, F. and 
  {Heiter}, U. and {Bigot}, L. and {ten Brummelaar}, T.~A. and 
  {McAlister}, H.~A. and {Ridgway}, S.~T. and {Turner}, N. and 
  {Sturmann}, J. and {Sturmann}, L. and {Goldfinger}, P.~J. and 
  {Farrington}, C.},
    title = "{The radii of the nearby K5V and K7V stars 61 Cygni A {\amp} B. CHARA/FLUOR interferometry and CESAM2k modeling}",
  journal = {\aap},
archivePrefix = "arXiv",
   eprint = {0806.4049},
 keywords = {stars: individual: 61 Cyg, stars: evolution, stars: fundamental parameters, techniques: interferometric},
     year = 2008,
    month = sep,
   volume = 488,
    pages = {667-674},
      doi = {10.1051/0004-6361:200810080},
   adsurl = {http://adsabs.harvard.edu/abs/2008A%26A...488..667K},
  adsnote = {Provided by the SAO/NASA Astrophysics Data System}
}

@incollection{Freytag99,
  AUTHOR = {Freytag, B and Ludwig, H.-G. and Steffen, M.},
  URL = {A Calibration of the Mixing-Length for Solar-Type Stars Based on Hydrodynamical Models of Stellar Surface Convection},
    BOOKTITLE = {Stellar Structure: 
Theory and Test of Connective Energy Transport},
    EDITOR = {A. Gimenez and E. F. 
Guinan and B. Montesinos},
    SERIES = {ASP Conf. Ser.}, 
     NUMBER = {173},
    PAGES = {225-228},
    URL = {http://www.aspbooks.org/publications/173/225.pdf},
    YEAR=1999
}

@ARTICLE{GD2000,
   author = {{Guenther}, D.~B. and {Demarque}, P.},
    title = "{{$\alpha$} Centauri AB}",
  journal = {\apj},
 keywords = {STARS: BINARIES: VISUAL, STARS: FUNDAMENTAL PARAMETERS, STARS: INDIVIDUAL: CONSTELLATION NAME: {$\alpha$} CENTAURI, STARS: INTERIORS, STARS: OSCILLATIONS},
     year = 2000,
    month = mar,
   volume = 531,
    pages = {503-520},
      doi = {10.1086/308446},
   adsurl = {http://adsabs.harvard.edu/abs/2000ApJ...531..503G},
  adsnote = {Provided by the SAO/NASA Astrophysics Data System}
}

@ARTICLE{Trampedach14,
   author = {{Trampedach}, R. and {Stein}, R.~F. and {Christensen-Dalsgaard}, J. and 
  {Nordlund}, {\AA}. and {Asplund}, M.},
    title = "{Improvements to stellar structure models, based on a grid of 3D convection simulations - II. Calibrating the mixing-length formulation}",
  journal = {\mnras},
archivePrefix = "arXiv",
   eprint = {1410.1559},
 primaryClass = "astro-ph.SR",
 keywords = {convection, stars: atmospheres, stars: evolution},
     year = 2014,
    month = dec,
   volume = 445,
    pages = {4366-4384},
      doi = {10.1093/mnras/stu2084},
   adsurl = {http://adsabs.harvard.edu/abs/2014MNRAS.445.4366T},
  adsnote = {Provided by the SAO/NASA Astrophysics Data System}
}



@ARTICLE{NLMLT,
   author = {{Grossman}, S.~A.},
    title = "{A theory of non-local mixing-length convection - III. Comparing theory and numerical experiment}",
  journal = {\mnras},
   eprint = {astro-ph/9509054},
 keywords = {CONVECTION, HYDRODYNAMICS, TURBULENCE, STARS: INTERIORS},
     year = 1996,
    month = mar,
   volume = 279,
    pages = {305-336},
      doi = {10.1093/mnras/279.2.305},
   adsurl = {http://adsabs.harvard.edu/abs/1996MNRAS.279..305G},
  adsnote = {Provided by the SAO/NASA Astrophysics Data System}
}

@ARTICLE{Grossman93,
   author = {{Grossman}, S.~A. and {Narayan}, R.},
    title = "{A theory of nonlocal mixing-length convection. 2: Generalized smoothed particle hydrodynamics simulations}",
  journal = {\apjs},
 keywords = {Computer Programs, Computerized Simulation, Convection, Hydrodynamics, Stellar Interiors, Boundary Conditions, Hydrodynamic Equations, Mixing Length Flow Theory, Particle Motion, Program Verification (Computers)},
     year = 1993,
    month = dec,
   volume = 89,
    pages = {361-394},
      doi = {10.1086/191853},
   adsurl = {http://adsabs.harvard.edu/abs/1993ApJS...89..361G},
  adsnote = {Provided by the SAO/NASA Astrophysics Data System}
}



@ARTICLE{Canuto91,
   author = {{Canuto}, V.~M. and {Mazzitelli}, I.},
    title = "{Stellar Turbulent Convection: A New Model and Applications}",
  journal = {\apj},
 keywords = {Free Convection, Magnetohydrodynamic Turbulence, Mixing Length Flow Theory, Stellar Evolution, Stellar Interiors, Stellar Models, Computational Astrophysics, Energy Spectra, Globular Clusters, Stellar Structure},
     year = 1991,
    month = mar,
   volume = 370,
    pages = {295-311},
      doi = {10.1086/169815},
   adsurl = {http://adsabs.harvard.edu/abs/1991ApJ...370..295C},
  adsnote = {Provided by the SAO/NASA Astrophysics Data System}
}

@ARTICLE{SteinNord89,
   author = {{Stein}, R.~F. and {Nordlund}, A.},
    title = "{Topology of convection beneath the solar surface}",
  journal = {\apjl},
 keywords = {Convection, Solar Atmosphere, Solar Granulation, Entropy, Hydrodynamic Equations, Radiant Heating, Surface Layers, Topology, Velocity Distribution},
     year = 1989,
    month = jul,
   volume = 342,
    pages = {L95-L98},
      doi = {10.1086/185493},
   adsurl = {http://adsabs.harvard.edu/abs/1989ApJ...342L..95S},
  adsnote = {Provided by the SAO/NASA Astrophysics Data System}
}

@ARTICLE{MagicMLT,
   author = {{Magic}, Z. and {Weiss}, A. and {Asplund}, M.},
    title = "{The Stagger-grid: A grid of 3D stellar atmosphere models. III. The relation to mixing length convection theory}",
  journal = {\aap},
archivePrefix = "arXiv",
   eprint = {1403.1062},
 primaryClass = "astro-ph.SR",
 keywords = {convection, hydrodynamics, stars: atmospheres, stars: evolution, stars: late-type, stars: solar-type},
     year = 2015,
    month = jan,
   volume = 573,
      eid = {A89},
    pages = {A89},
      doi = {10.1051/0004-6361/201423760},
   adsurl = {http://adsabs.harvard.edu/abs/2015A%26A...573A..89M},
  adsnote = {Provided by the SAO/NASA Astrophysics Data System}
}

@ARTICLE{321D,
   author = {{Arnett}, W.~D. and {Meakin}, C. and {Viallet}, M. and {Campbell}, S.~W. and 
  {Lattanzio}, J.~C. and {Moc{\'a}k}, M.},
    title = "{Beyond Mixing-length Theory: A Step Toward 321D}",
  journal = {\apj},
archivePrefix = "arXiv",
   eprint = {1503.00342},
 primaryClass = "astro-ph.SR",
 keywords = {convection, stars: evolution, stars: oscillations, supernovae: general, turbulence},
     year = 2015,
    month = aug,
   volume = 809,
      eid = {30},
    pages = {30},
      doi = {10.1088/0004-637X/809/1/30},
   adsurl = {http://adsabs.harvard.edu/abs/2015ApJ...809...30A},
  adsnote = {Provided by the SAO/NASA Astrophysics Data System}
}

@ARTICLE{Arnett09,
   author = {{Arnett}, D. and {Meakin}, C. and {Young}, P.~A.},
    title = "{Turbulent Convection in Stellar Interiors. II. The Velocity Field}",
  journal = {\apj},
archivePrefix = "arXiv",
   eprint = {0809.1625},
 keywords = {convection, hydrodynamics, stars: evolution, turbulence},
     year = 2009,
    month = jan,
   volume = 690,
    pages = {1715-1729},
      doi = {10.1088/0004-637X/690/2/1715},
   adsurl = {http://adsabs.harvard.edu/abs/2009ApJ...690.1715A},
  adsnote = {Provided by the SAO/NASA Astrophysics Data System}
}

@ARTICLE{EBV,
   author = {{Vitense}, E.},
    title = "{Die Wasserstoffkonvektionszone der Sonne. Mit 11 Textabbildungen}",
  journal = {\zap},
     year = 1953,
   volume = 32,
    pages = {135},
   adsurl = {http://adsabs.harvard.edu/abs/1953ZA.....32..135V},
  adsnote = {Provided by the SAO/NASA Astrophysics Data System}
}


@Article{LP,
    Author = {L. {Prandtl}},
    Title = {{Bericht \"uber Untersuchungen zur ausgebildeten Turbulenz.}},
    FJournal = {{Zeitschrift f\"ur Angewandte Mathematik und Mechanik (ZAMM)}},
    Journal = {{Z. Angew. Math. Mech.}},
    ISSN = {0044-2267; 0946-8463/e},
    Volume = {5},
    Pages = {136--139},
    Year = {1925},
    Publisher = {John Wiley \& Sons (Wiley-VCH), Berlin},
    Language = {German},
    Zbl = {51.0666.08}
}


@ARTICLE{HIP,
   author = {{van Leeuwen}, F.},
    title = "{Validation of the new Hipparcos reduction}",
  journal = {\aap},
archivePrefix = "arXiv",
   eprint = {0708.1752},
 keywords = {space vehicles: instruments, methods: data analysis, catalogs, astrometry, instrumentation: miscellaneous},
     year = 2007,
    month = nov,
   volume = 474,
    pages = {653-664},
      doi = {10.1051/0004-6361:20078357},
   adsurl = {http://adsabs.harvard.edu/abs/2007A%26A...474..653V},
  adsnote = {Provided by the SAO/NASA Astrophysics Data System}
}


@ARTICLE{MARCS,
   author = {{Gustafsson}, B. and {Edvardsson}, B. and {Eriksson}, K. and 
  {J{\o}rgensen}, U.~G. and {Nordlund}, {\AA}. and {Plez}, B.},
    title = "{A grid of MARCS model atmospheres for late-type stars. I. Methods and general properties}",
  journal = {\aap},
archivePrefix = "arXiv",
   eprint = {0805.0554},
 keywords = {stars: atmospheres, Sun: abundances, stars: fundamental parameters, stars: general, stars: late-type, stars: supergiants},
     year = 2008,
    month = aug,
   volume = 486,
    pages = {951-970},
      doi = {10.1051/0004-6361:200809724},
   adsurl = {http://adsabs.harvard.edu/abs/2008A%26A...486..951G},
  adsnote = {Provided by the SAO/NASA Astrophysics Data System}
}



@ARTICLE{PASTEL10,
   author = {{Soubiran}, C. and {Le Campion}, J.-F. and {Cayrel de Strobel}, G. and 
  {Caillo}, A.},
    title = "{VizieR Online Data Catalog: The PASTEL catalogue (Soubiran+, 2010-)}",
  journal = {VizieR Online Data Catalog},
 keywords = {Abundances, Abundances: [Fe/H], Effective temperatures},
     year = 2010,
    month = jan,
   volume = 1,
   adsurl = {http://adsabs.harvard.edu/abs/2010yCat....102029S},
  adsnote = {Provided by the SAO/NASA Astrophysics Data System}
}


@INPROCEEDINGS{Sturmann,
   author = {{Sturmann}, L. and {Sturmann}, J. and {ten Brummelaar}, T.~A. and 
  {McAlister}, H.~A.},
    title = "{Modified telescope alignment procedure for improving the beam quality of the CHARA Telescopes}",
booktitle = {Optical and Infrared Interferometry II},
     year = 2010,
   series = {\procspie},
   volume = 7734,
    month = jul,
      eid = {773445},
    pages = {773445},
      doi = {10.1117/12.857883},
   adsurl = {http://adsabs.harvard.edu/abs/2010SPIE.7734E..45S},
  adsnote = {Provided by the SAO/NASA Astrophysics Data System}
}


@INPROCEEDINGS{UVES,
   author = {{Dekker}, H. and {D'Odorico}, S. and {Kaufer}, A. and {Delabre}, B. and 
  {Kotzlowski}, H.},
    title = "{Design, construction, and performance of UVES, the echelle spectrograph for the UT2 Kueyen Telescope at the ESO Paranal Observatory}",
booktitle = {Optical and IR Telescope Instrumentation and Detectors},
     year = 2000,
   series = {\procspie},
   volume = 4008,
   editor = {{Iye}, M. and {Moorwood}, A.~F.},
    month = aug,
    pages = {534-545},
      doi = {10.1117/12.395512},
   adsurl = {http://adsabs.harvard.edu/abs/2000SPIE.4008..534D},
  adsnote = {Provided by the SAO/NASA Astrophysics Data System}
}

@INPROCEEDINGS{NARVAL,
   author = {{Auri{\`e}re}, M.},
    title = "{Stellar Polarimetry with NARVAL}",
booktitle = {EAS Publications Series},
     year = 2003,
   series = {EAS Publications Series},
   volume = 9,
   editor = {{Arnaud}, J. and {Meunier}, N.},
    pages = {105},
   adsurl = {http://adsabs.harvard.edu/abs/2003EAS.....9..105A},
  adsnote = {Provided by the SAO/NASA Astrophysics Data System}
}

@ARTICLE{HARPS,
   author = {{Mayor}, M. and {Pepe}, F. and {Queloz}, D. and {Bouchy}, F. and 
  {Rupprecht}, G. and {Lo Curto}, G. and {Avila}, G. and {Benz}, W. and 
  {Bertaux}, J.-L. and {Bonfils}, X. and {Dall}, T. and {Dekker}, H. and 
  {Delabre}, B. and {Eckert}, W. and {Fleury}, M. and {Gilliotte}, A. and 
  {Gojak}, D. and {Guzman}, J.~C. and {Kohler}, D. and {Lizon}, J.-L. and 
  {Longinotti}, A. and {Lovis}, C. and {Megevand}, D. and {Pasquini}, L. and 
  {Reyes}, J. and {Sivan}, J.-P. and {Sosnowska}, D. and {Soto}, R. and 
  {Udry}, S. and {van Kesteren}, A. and {Weber}, L. and {Weilenmann}, U.
  },
    title = "{Setting New Standards with HARPS}",
  journal = {The Messenger},
     year = 2003,
    month = dec,
   volume = 114,
    pages = {20-24},
   adsurl = {http://adsabs.harvard.edu/abs/2003Msngr.114...20M},
  adsnote = {Provided by the SAO/NASA Astrophysics Data System}
}


%----------------- 7/3/17-----------------------------
@ARTICLE{Tanner,
   author = {{Tanner}, J.~D. and {Basu}, S. and {Demarque}, P.},
    title = "{The Effect of Metallicity-dependent T-{$\tau$} Relations on Calibrated Stellar Models}",
  journal = {\apjl},
archivePrefix = "arXiv",
   eprint = {1402.1182},
 primaryClass = "astro-ph.SR",
 keywords = {stars: fundamental parameters, stars: interiors},
     year = 2014,
    month = apr,
   volume = 785,
      eid = {L13},
    pages = {L13},
      doi = {10.1088/2041-8205/785/1/L13},
   adsurl = {http://adsabs.harvard.edu/abs/2014ApJ...785L..13T},
  adsnote = {Provided by the SAO/NASA Astrophysics Data System}
}




@ARTICLE{Freytag,
   author = {{Freytag}, B. and {Salaris}, M.},
    title = "{Stellar Envelope Convection Calibrated by Radiation Hydrodynamics Simulations: Influence on Globular Cluster Isochrones}",
  journal = {\apjl},
   eprint = {astro-ph/9901074},
 keywords = {CONVECTION, GALAXY: GLOBULAR CLUSTERS: GENERAL, STARS: EVOLUTION, STARS: POPULATION II, Convection, Galaxy: Globular Clusters: General, Stars: Evolution, Stars: Population II},
     year = 1999,
    month = mar,
   volume = 513,
    pages = {L49-L52},
      doi = {10.1086/311912},
   adsurl = {http://adsabs.harvard.edu/abs/1999ApJ...513L..49F},
  adsnote = {Provided by the SAO/NASA Astrophysics Data System}
}

@ARTICLE{Freytag96,
   author = {{Freytag}, B. and {Ludwig}, H.-G. and {Steffen}, M.},
    title = "{Hydrodynamical models of stellar convection. The role of overshoot in DA white dwarfs, A-type stars, and the Sun.}",
  journal = {\aap},
 keywords = {HYDRODYNAMICS, CONVECTION, DIFFUSION, STARS: INTERIOR},
     year = 1996,
    month = sep,
   volume = 313,
    pages = {497-516},
   adsurl = {http://adsabs.harvard.edu/abs/1996A%26A...313..497F},
  adsnote = {Provided by the SAO/NASA Astrophysics Data System}
}

@ARTICLE{Deupree85,
   author = {{Deupree}, R.~G.},
    title = "{Convection, the blue edge of the RR Lyrae gap, and a comparison of one-dimensional and two-dimensional hydrodynamic simulations}",
  journal = {\apj},
 keywords = {Cepheid Variables, Convection, Hydrodynamic Equations, Stellar Models, Stellar Oscillations, Eddy Viscosity, Helium, Stability, Stellar Cores},
     year = 1985,
    month = sep,
   volume = 296,
    pages = {160-164},
      doi = {10.1086/163430},
   adsurl = {http://adsabs.harvard.edu/abs/1985ApJ...296..160D},
  adsnote = {Provided by the SAO/NASA Astrophysics Data System}
}


@ARTICLE{Ludwig99,
   author = {{Ludwig}, H.-G. and {Freytag}, B. and {Steffen}, M.},
    title = "{A calibration of the mixing-length for solar-type stars based on hydrodynamical simulations. I. Methodical aspects and results for solar metallicity}",
  journal = {\aap},
   eprint = {astro-ph/9811179},
 keywords = {CONVECTION, HYDRODYNAMICS, STARS: LATE-TYPE, STARS: EVOLUTION},
     year = 1999,
    month = jun,
   volume = 346,
    pages = {111-124},
   adsurl = {http://adsabs.harvard.edu/abs/1999A%26A...346..111L},
  adsnote = {Provided by the SAO/NASA Astrophysics Data System}
}



@ARTICLE{Tayar,
   author = {{Tayar}, J. and {Somers}, G. and {Pinsonneault}, M.~H. and {Stello}, D. and 
  {Mints}, A. and {Johnson}, J.~A. and {Zamora}, O. and {Garc{\'{\i}}a-Hern{\'a}ndez}, D.~A. and 
  {Maraston}, C. and {Serenelli}, A. and {Allende Prieto}, C. and 
  {Bastien}, F.~A. and {Basu}, S. and {Bird}, J.~C. and {Cohen}, R.~E. and 
  {Cunha}, K. and {Elsworth}, Y. and {Garc{\'{\i}}a}, R.~A. and 
  {Girardi}, L. and {Hekker}, S. and {Holtzman}, J. and {Huber}, D. and 
  {Mathur}, S. and {M{\'e}sz{\'a}ros}, S. and {Mosser}, B. and 
  {Shetrone}, M. and {Silva Aguirre}, V. and {Stassun}, K. and 
  {Stringfellow}, G.~S. and {Zasowski}, G. and {Roman-Lopes}, A.
  },
    title = "{The Correlation between Mixing Length and Metallicity on the Giant Branch: Implications for Ages in the Gaia Era}",
  journal = {\apj},
archivePrefix = "arXiv",
   eprint = {1704.01164},
 primaryClass = "astro-ph.SR",
 keywords = {stars: evolution, stars: fundamental parameters },
     year = 2017,
    month = may,
   volume = 840,
      eid = {17},
    pages = {17},
      doi = {10.3847/1538-4357/aa6a1e},
   adsurl = {http://adsabs.harvard.edu/abs/2017ApJ...840...17T},
  adsnote = {Provided by the SAO/NASA Astrophysics Data System}
}

%------------------- last update 5/15/17

@ARTICLE{TGAS,
   author = {{Lindegren}, L. and {Lammers}, U. and {Bastian}, U. and {Hern{\'a}ndez}, J. and 
  {Klioner}, S. and {Hobbs}, D. and {Bombrun}, A. and {Michalik}, D. and 
  {Ramos-Lerate}, M. and {Butkevich}, A. and {Comoretto}, G. and 
  {Joliet}, E. and {Holl}, B. and {Hutton}, A. and {Parsons}, P. and 
  {Steidelm{\"u}ller}, H. and {Abbas}, U. and {Altmann}, M. and 
  {Andrei}, A. and {Anton}, S. and {Bach}, N. and {Barache}, C. and 
  {Becciani}, U. and {Berthier}, J. and {Bianchi}, L. and {Biermann}, M. and 
  {Bouquillon}, S. and {Bourda}, G. and {Br{\"u}semeister}, T. and 
  {Bucciarelli}, B. and {Busonero}, D. and {Carlucci}, T. and 
  {Casta{\~n}eda}, J. and {Charlot}, P. and {Clotet}, M. and {Crosta}, M. and 
  {Davidson}, M. and {de Felice}, F. and {Drimmel}, R. and {Fabricius}, C. and 
  {Fienga}, A. and {Figueras}, F. and {Fraile}, E. and {Gai}, M. and 
  {Garralda}, N. and {Geyer}, R. and {Gonz{\'a}lez-Vidal}, J.~J. and 
  {Guerra}, R. and {Hambly}, N.~C. and {Hauser}, M. and {Jordan}, S. and 
  {Lattanzi}, M.~G. and {Lenhardt}, H. and {Liao}, S. and {L{\"o}ffler}, W. and 
  {McMillan}, P.~J. and {Mignard}, F. and {Mora}, A. and {Morbidelli}, R. and 
  {Portell}, J. and {Riva}, A. and {Sarasso}, M. and {Serraller}, I. and 
  {Siddiqui}, H. and {Smart}, R. and {Spagna}, A. and {Stampa}, U. and 
  {Steele}, I. and {Taris}, F. and {Torra}, J. and {van Reeven}, W. and 
  {Vecchiato}, A. and {Zschocke}, S. and {de Bruijne}, J. and 
  {Gracia}, G. and {Raison}, F. and {Lister}, T. and {Marchant}, J. and 
  {Messineo}, R. and {Soffel}, M. and {Osorio}, J. and {de Torres}, A. and 
  {O'Mullane}, W.},
    title = "{Gaia Data Release 1. Astrometry: one billion positions, two million proper motions and parallaxes}",
  journal = {\aap},
archivePrefix = "arXiv",
   eprint = {1609.04303},
 keywords = {astrometry, parallaxes, proper motions, methods: data analysis, space vehicles: instruments, reference systems},
     year = 2016,
    month = nov,
   volume = 595,
      eid = {A4},
    pages = {A4},
      doi = {10.1051/0004-6361/201628714},
   adsurl = {http://adsabs.harvard.edu/abs/2016A%26A...595A...4L},
  adsnote = {Provided by the SAO/NASA Astrophysics Data System}
} 

@ARTICLE{PASTEL,
   author = {{Soubiran}, C. and {Le Campion}, J.-F. and {Brouillet}, N. and 
  {Chemin}, L.},
    title = "{The PASTEL catalogue: 2016 version}",
  journal = {\aap},
archivePrefix = "arXiv",
   eprint = {1605.07384},
 primaryClass = "astro-ph.SR",
 keywords = {catalogs, stars: abundances, stars: atmospheres, stars: fundamental parameters},
     year = 2016,
    month = jun,
   volume = 591,
      eid = {A118},
    pages = {A118},
      doi = {10.1051/0004-6361/201628497},
   adsurl = {http://adsabs.harvard.edu/abs/2016A%26A...591A.118S},
  adsnote = {Provided by the SAO/NASA Astrophysics Data System}
}

@ARTICLE{Erin,
   author = {{O'Malley}, E.~M. and {Gilligan}, C. and {Chaboyer}, B.},
    title = "{Absolute Ages and Distances of 22 GCs Using Monte Carlo Main-sequence Fitting}",
  journal = {\apj},
archivePrefix = "arXiv",
   eprint = {1703.01915},
 primaryClass = "astro-ph.SR",
 keywords = {galaxy: globular clusters: general, stars: distances, stars: evolution},
     year = 2017,
    month = apr,
   volume = 838,
      eid = {162},
    pages = {162},
      doi = {10.3847/1538-4357/aa6574},
   adsurl = {http://adsabs.harvard.edu/abs/2017ApJ...838..162O},
  adsnote = {Provided by the SAO/NASA Astrophysics Data System}
}




@ARTICLE{Beers,
   author = {{Beers}, T.~C. and {Placco}, V.~M. and {Carollo}, D. and {Rossi}, S. and 
  {Lee}, Y.~S. and {Frebel}, A. and {Norris}, J.~E. and {Dietz}, S. and 
  {Masseron}, T.},
    title = "{Bright Metal-Poor Stars from the Hamburg/ESO Survey. II. A Chemodynamical Analysis}",
  journal = {\apj},
archivePrefix = "arXiv",
   eprint = {1611.03762},
 primaryClass = "astro-ph.SR",
 keywords = {Galaxy: kinematics and dynamics, Galaxy: stellar content, stars: abundances, stars: carbon, stars: Population II, stars: kinematics and dynamics},
     year = 2017,
    month = jan,
   volume = 835,
      eid = {81},
    pages = {81},
      doi = {10.3847/1538-4357/835/1/81},
   adsurl = {http://adsabs.harvard.edu/abs/2017ApJ...835...81B},
  adsnote = {Provided by the SAO/NASA Astrophysics Data System}
}


@ARTICLE{Frebel,
   author = {{Frebel}, A. and {Christlieb}, N. and {Norris}, J.~E. and {Beers}, T.~C. and 
  {Bessell}, M.~S. and {Rhee}, J. and {Fechner}, C. and {Marsteller}, B. and 
  {Rossi}, S. and {Thom}, C. and {Wisotzki}, L. and {Reimers}, D.
  },
    title = "{Bright Metal-poor Stars from the Hamburg/ESO Survey. I. Selection and Follow-up Observations from 329 Fields}",
  journal = {\apj},
   eprint = {astro-ph/0608332},
 keywords = {Catalogs, Galaxy: Abundances, Galaxy: Halo, Galaxy: Stellar Content, Stars: Abundances, Stars: Carbon, Stars: Population II, Techniques: Spectroscopic},
     year = 2006,
    month = dec,
   volume = 652,
    pages = {1585-1603},
      doi = {10.1086/508506},
   adsurl = {http://adsabs.harvard.edu/abs/2006ApJ...652.1585F},
  adsnote = {Provided by the SAO/NASA Astrophysics Data System}
}

@TECHREPORT{spup,
  author = {SAAO},
  title= {SpUpNIC exposure time information},
  instituion={SAAO},
  year=2017,
  url={http://www.saao.ac.za/science/facilities/instruments/spupnic-spectrograph-upgrade-newly-improved-cassegrain/spupnic-exposure-time-information/}
}


%-------------------------------------------------------------------------------
@ARTICLE{Chab2017,
   author = {{Chaboyer}, B. and {McArthur}, B.~E. and {O'Malley}, E. and 
  {Benedict}, G.~F. and {Feiden}, G.~A. and {Harrison}, T.~E. and 
  {McWilliam}, A. and {Nelan}, E.~P. and {Patterson}, R.~J. and 
  {Sarajedini}, A.},
    title = "{Testing Metal-Poor Stellar Models and Isochrones with HST Parallaxes of Metal-Poor Stars}",
  journal = {\apj},
archivePrefix = "arXiv",
   eprint = {1702.00803},
 primaryClass = "astro-ph.SR",
 keywords = {globular clusters: general, parallaxes, stars: distances, stars: interiors, stars: Population II},
     year = 2017,
    month = feb,
   volume = 835,
      eid = {152},
    pages = {152},
      doi = {10.3847/1538-4357/835/2/152},
   adsurl = {http://adsabs.harvard.edu/abs/2017ApJ...835..152C},
  adsnote = {Provided by the SAO/NASA Astrophysics Data System}
}

%---------------------------------------------------------------------------


 
%------------------- Shazrene ---------------------------------------------------
@ARTICLE{SS2000,
   author = {{Steffen}, M. and {Sch{\"o}nberner}, D.},
    title = "{On the origin of thin detached gas shells around AGB stars. Insights from time-dependent hydrodynamical simulations}",
  journal = {\aap},
 keywords = {STARS: AGB AND POST-AGB, STARS: CIRCUMSTELLAR MATTER, STARS: MASS-LOSS, STARS: INDIVIDUAL: TT CYGNI, HYDRODYNAMICS, RADIATIVE TRANSFER},
     year = 2000,
    month = may,
   volume = 357,
    pages = {180-196},
   adsurl = {http://adsabs.harvard.edu/abs/2000A%26A...357..180S},
  adsnote = {Provided by the SAO/NASA Astrophysics Data System}
}


%---------------------------------------------------------------------------------------- 2017 entries
@article{Bonaca,
  author={Ana Bonaca and Joel D. Tanner and Sarbani Basu and William J. Chaplin and Travis S. Metcalfe and Mário J. P. F. G.
Monteiro and Jérôme Ballot and Timothy R. Bedding and Alfio Bonanno and Anne-Marie Broomhall and Hans Bruntt and Tiago L.
Campante and Jørgen Christensen-Dalsgaard and Enrico Corsaro and Yvonne Elsworth and Rafael A. García and Saskia
Hekker and Christoffer Karoff and Hans Kjeldsen and Savita Mathur and Clara Régulo and Ian Roxburgh and Dennis Stello and Regner
Trampedach and Thomas Barclay and Christopher J. Burke and Douglas A. Caldwell},
  title={Calibrating Convective Properties of Solar-like Stars in the Kepler Field of View},
  journal={The Astrophysical Journal Letters},
  volume={755},
  number={1},
  pages={L12},
  url={http://stacks.iop.org/2041-8205/755/i=1/a=L12},
  year={2012}
}


@ARTICLE{Creevey2017,
   author = {{Creevey}, O.~L. and {Metcalfe}, T.~S. and {Schultheis}, M. and 
  {Salabert}, D. and {Bazot}, M. and {Th{\'e}venin}, F. and {Mathur}, S. and 
  {Xu}, H. and {Garc{\'{\i}}a}, R.~A.},
    title = "{Characterizing solar-type stars from full-length Kepler data sets using the Asteroseismic Modeling Portal}",
  journal = {\aap},
archivePrefix = "arXiv",
   eprint = {1612.08990},
 primaryClass = "astro-ph.SR",
 keywords = {stars: fundamental parameters, stars: oscillations, stars: interiors, asteroseismology, methods: numerical},
     year = 2017,
    month = may,
   volume = 601,
      eid = {A67},
    pages = {A67},
      doi = {10.1051/0004-6361/201629496},
   adsurl = {http://adsabs.harvard.edu/abs/2017A%26A...601A..67C},
  adsnote = {Provided by the SAO/NASA Astrophysics Data System}
}



@ARTICLE{Creevey2015,
   author = {{Creevey}, O.~L. and {Th{\'e}venin}, F. and {Berio}, P. and 
  {Heiter}, U. and {von Braun}, K. and {Mourard}, D. and {Bigot}, L. and 
  {Boyajian}, T.~S. and {Kervella}, P. and {Morel}, P. and {Pichon}, B. and 
  {Chiavassa}, A. and {Nardetto}, N. and {Perraut}, K. and {Meilland}, A. and 
  {Mc Alister}, H.~A. and {ten Brummelaar}, T.~A. and {Farrington}, C. and 
  {Sturmann}, J. and {Sturmann}, L. and {Turner}, N.},
    title = "{Benchmark stars for Gaia Fundamental properties of the Population II star HD 140283 from interferometric, spectroscopic, and photometric data}",
  journal = {\aap},
archivePrefix = "arXiv",
   eprint = {1410.4780},
 primaryClass = "astro-ph.SR",
 keywords = {stars: fundamental parameters, stars: Population II, techniques: interferometric, techniques: spectroscopic, surveys, stars: individual: HD 140283},
     year = 2015,
    month = mar,
   volume = 575,
      eid = {A26},
    pages = {A26},
      doi = {10.1051/0004-6361/201424310},
   adsurl = {http://adsabs.harvard.edu/abs/2015A%26A...575A..26C},
  adsnote = {Provided by the SAO/NASA Astrophysics Data System}
}


@ARTICLE{Tanner2014,
   author = {{Tanner}, J.~D. and {Basu}, S. and {Demarque}, P.},
    title = "{The Effect of Metallicity-dependent T-{$\tau$} Relations on Calibrated Stellar Models}",
  journal = {\apjl},
archivePrefix = "arXiv",
   eprint = {1402.1182},
 primaryClass = "astro-ph.SR",
 keywords = {stars: fundamental parameters, stars: interiors},
     year = 2014,
    month = apr,
   volume = 785,
      eid = {L13},
    pages = {L13},
      doi = {10.1088/2041-8205/785/1/L13},
   adsurl = {http://adsabs.harvard.edu/abs/2014ApJ...785L..13T},
  adsnote = {Provided by the SAO/NASA Astrophysics Data System}
}

%---------------------------------------------------------------------------------------------------------
@ARTICLE{CarGratton,
   author = {{Carretta}, E. and {Gratton}, R.~G.},
    title = "{Abundances for globular cluster giants. I. Homogeneous metallicities for 24 clusters}",
  journal = {\aaps},
   eprint = {astro-ph/9607078},
 keywords = {STARS: ABUNDANCES, STARS: POPULATION II, GLOBULAR CLUSTERS: GENERAL},
     year = 1997,
    month = jan,
   volume = 121,
    pages = {95-112},
      doi = {10.1051/aas:1997116},
   adsurl = {http://adsabs.harvard.edu/abs/1997A\%26AS..121...95C},
  adsnote = {Provided by the SAO/NASA Astrophysics Data System}
}

@ARTICLE{KraftIvans,
   author = {{Kraft}, R.~P. and {Ivans}, I.~I.},
    title = "{A Globular Cluster Metallicity Scale Based on the Abundance of Fe II}",
  journal = {\pasp},
   eprint = {astro-ph/0210590},
 keywords = {Galaxy: Abundances, Galaxy: Globular Clusters: Individual: Messier Number: M15, Galaxy: Globular Clusters: Individual: Messier Number: M92, Galaxy: Globular Clusters: Individual: Messier Number: M13, Galaxy: Globular Clusters: Individual: Messier Number: M3, Galaxy: Globular Clusters: Individual: Messier Number: M5, Stars: Abundances, Stars: Fundamental Parameters},
     year = 2003,
    month = feb,
   volume = 115,
    pages = {143-169},
      doi = {10.1086/345914},
   adsurl = {http://adsabs.harvard.edu/abs/2003PASP..115..143K},
  adsnote = {Provided by the SAO/NASA Astrophysics Data System}
}


@ARTICLE{Piet10,
   author = {{Pietrinferni}, A. and {Cassisi}, S. and {Salaris}, M.},
    title = "{The impact of an updated $^{14}$N(p, {$\gamma$})$^{15}$O reaction rate on advanced evolutionary stages of low-mass stellar models}",
  journal = {\aap},
archivePrefix = "arXiv",
   eprint = {1007.1307},
 primaryClass = "astro-ph.SR",
 keywords = {stars: interiors, stars: evolution, nuclear reactions, nucleosynthesis, abundances},
     year = 2010,
    month = nov,
   volume = 522,
      eid = {A76},
    pages = {A76},
      doi = {10.1051/0004-6361/201015065},
   adsurl = {http://adsabs.harvard.edu/abs/2010A\%26A...522A..76P},
  adsnote = {Provided by the SAO/NASA Astrophysics Data System}
}

%-------------------------- references above this line were added after referee's second notes in June---------------------

@article{LOF,
 author = {Breunig, Markus M. and Kriegel, Hans-Peter and Ng, Raymond T. and Sander, J\"{o}rg},
 title = {LOF: Identifying Density-based Local Outliers},
 journal = {SIGMOD Rec.},
 issue_date = {June 2000},
 volume = {29},
 number = {2},
 month = may,
 year = {2000},
 issn = {0163-5808},
 pages = {93--104},
 numpages = {12},
 url = {http://doi.acm.org/10.1145/335191.335388},
 doi = {10.1145/335191.335388},
 acmid = {335388},
 publisher = {ACM},
 address = {New York, NY, USA},
 keywords = {database mining, outlier detection},
} 

@ARTICLE{MESAIV,
   author = {{Paxton}, B. and {Schwab}, J. and {Bauer}, E.~B. and {Bildsten}, L. and 
  {Blinnikov}, S. and {Duffell}, P. and {Farmer}, R. and {Goldberg}, J.~A. and 
  {Marchant}, P. and {Sorokina}, E. and {Thoul}, A. and {Townsend}, R.~H.~D. and 
  {Timmes}, F.~X.},
    title = "{Modules for Experiments in Stellar Astrophysics (MESA): Convective Boundaries, Element Diffusion, and Massive Star Explosions}",
  journal = {\apjs},
archivePrefix = "arXiv",
   eprint = {1710.08424},
 primaryClass = "astro-ph.SR",
 keywords = {convection, diffusion, hydrodynamics, methods: numerical, stars: evolution, supernovae: general },
     year = 2018,
    month = feb,
   volume = 234,
      eid = {34},
    pages = {34},
      doi = {10.3847/1538-4365/aaa5a8},
   adsurl = {http://adsabs.harvard.edu/abs/2018ApJS..234...34P},
  adsnote = {Provided by the SAO/NASA Astrophysics Data System}
}



@ARTICLE{MESAIII,
   author = {{Paxton}, B. and {Marchant}, P. and {Schwab}, J. and {Bauer}, E.~B. and 
  {Bildsten}, L. and {Cantiello}, M. and {Dessart}, L. and {Farmer}, R. and 
  {Hu}, H. and {Langer}, N. and {Townsend}, R.~H.~D. and {Townsley}, D.~M. and 
  {Timmes}, F.~X.},
    title = "{Modules for Experiments in Stellar Astrophysics (MESA): Binaries, Pulsations, and Explosions}",
  journal = {\apjs},
archivePrefix = "arXiv",
   eprint = {1506.03146},
 primaryClass = "astro-ph.SR",
 keywords = {binaries: general, methods: numerical, nuclear reactions, nucleosynthesis, abundances, shock waves, stars: evolution, stars: oscillations},
     year = 2015,
    month = sep,
   volume = 220,
      eid = {15},
    pages = {15},
      doi = {10.1088/0067-0049/220/1/15},
   adsurl = {http://adsabs.harvard.edu/abs/2015ApJS..220...15P},
  adsnote = {Provided by the SAO/NASA Astrophysics Data System}
}

@ARTICLE{MESAII,
   author = {{Paxton}, B. and {Cantiello}, M. and {Arras}, P. and {Bildsten}, L. and 
  {Brown}, E.~F. and {Dotter}, A. and {Mankovich}, C. and {Montgomery}, M.~H. and 
  {Stello}, D. and {Timmes}, F.~X. and {Townsend}, R.},
    title = "{Modules for Experiments in Stellar Astrophysics (MESA): Planets, Oscillations, Rotation, and Massive Stars}",
  journal = {\apjs},
archivePrefix = "arXiv",
   eprint = {1301.0319},
 primaryClass = "astro-ph.SR",
 keywords = {asteroseismology, methods: numerical, planets and satellites: physical evolution, stars: evolution, stars: massive, stars: rotation},
     year = 2013,
    month = sep,
   volume = 208,
      eid = {4},
    pages = {4},
      doi = {10.1088/0067-0049/208/1/4},
   adsurl = {http://adsabs.harvard.edu/abs/2013ApJS..208....4P},
  adsnote = {Provided by the SAO/NASA Astrophysics Data System}
}

@ARTICLE{MESAI,
   author = {{Paxton}, B. and {Bildsten}, L. and {Dotter}, A. and {Herwig}, F. and 
  {Lesaffre}, P. and {Timmes}, F.},
    title = "{Modules for Experiments in Stellar Astrophysics (MESA)}",
  journal = {\apjs},
archivePrefix = "arXiv",
   eprint = {1009.1622},
 primaryClass = "astro-ph.SR",
 keywords = {methods: numerical, stars: evolution, stars: general},
     year = 2011,
    month = jan,
   volume = 192,
      eid = {3},
    pages = {3},
      doi = {10.1088/0067-0049/192/1/3},
   adsurl = {http://adsabs.harvard.edu/abs/2011ApJS..192....3P},
  adsnote = {Provided by the SAO/NASA Astrophysics Data System}
}


@ARTICLE{CDS,
   author = {{Cassisi}, S. and {degl'Innocenti}, S. and {Salaris}, M.},
    title = "{The effect of diffusion on the red giant luminosity function `bump'}",
  journal = {\mnras},
   eprint = {astro-ph/9706091},
 keywords = {STARS: EVOLUTION, STARS: INTERIORS, STARS: LUMINOSITY FUNCTION, MASS FUNCTION, STARS: POPULATION II, GLOBULAR CLUSTERS: GENERAL},
     year = 1997,
    month = sep,
   volume = 290,
    pages = {515-520},
   adsurl = {http://adsabs.harvard.edu/abs/1997MNRAS.290..515C},
  adsnote = {Provided by the SAO/NASA Astrophysics Data System}
}

@ARTICLE{MRR,
   author = {{Michaud}, G. and {Richer}, J. and {Richard}, O.},
    title = "{Atomic diffusion during red giant evolution}",
  journal = {\aap},
 keywords = {diffusion, stars: evolution, stars: Population II, stars: interiors, stars: abundances},
     year = 2010,
    month = feb,
   volume = 510,
      eid = {A104},
    pages = {A104},
      doi = {10.1051/0004-6361/200912328},
   adsurl = {http://adsabs.harvard.edu/abs/2010A\%26A...510A.104M},
  adsnote = {Provided by the SAO/NASA Astrophysics Data System}
}


@ARTICLE{Pecci,
   author = {{Fusi Pecci}, F. and {Ferraro}, F.~R. and {Crocker}, D.~A. and 
  {Rood}, R.~T. and {Buonanno}, R.},
    title = "{The variation of the red giant luminosity function 'Bump' with metallicity and the age of the globular clusters}",
  journal = {\aap},
 keywords = {Globular Clusters, Metallicity, Red Giant Stars, Stellar Evolution, Stellar Luminosity, Color-Magnitude Diagram, Computational Astrophysics, Milky Way Galaxy, Stellar Magnitude, Stellar Models},
     year = 1990,
    month = nov,
   volume = 238,
    pages = {95-110},
   adsurl = {http://adsabs.harvard.edu/abs/1990A\%26A...238...95F},
  adsnote = {Provided by the SAO/NASA Astrophysics Data System}
}

@ARTICLE{CS97,
   author = {{Cassisi}, S. and {Salaris}, M.},
    title = "{A critical investigation on the discrepancy between the observational and the theoretical red giant luminosity function `bump'}",
  journal = {\mnras},
   eprint = {astro-ph/9702029},
 keywords = {STARS: EVOLUTION, STARS: INTERIORS, GLOBULAR CLUSTERS: GENERAL},
     year = 1997,
    month = mar,
   volume = 285,
    pages = {593-603},
   adsurl = {http://adsabs.harvard.edu/abs/1997MNRAS.285..593C},
  adsnote = {Provided by the SAO/NASA Astrophysics Data System}
}

@ARTICLE{Ferraro,
   author = {{Ferraro}, F.~R. and {Messineo}, M. and {Fusi Pecci}, F. and 
  {de Palo}, M.~A. and {Straniero}, O. and {Chieffi}, A. and {Limongi}, M.
  },
    title = "{The Giant, Horizontal, and Asymptotic Branches of Galactic Globular Clusters. I. The Catalog, Photometric Observables, and Features}",
  journal = {\aj},
   eprint = {astro-ph/9906248},
 keywords = {GALAXY: GLOBULAR CLUSTERS: GENERAL, STARS: EVOLUTION, STARS: HORIZONTAL-BRANCH, STARS: POPULATION II},
     year = 1999,
    month = oct,
   volume = 118,
    pages = {1738-1758},
      doi = {10.1086/301029},
   adsurl = {http://adsabs.harvard.edu/abs/1999AJ....118.1738F},
  adsnote = {Provided by the SAO/NASA Astrophysics Data System}
}

@ARTICLE{Salaris00,
   author = {{Salaris}, M. and {Groenewegen}, M.~A.~T. and {Weiss}, A.},
    title = "{Atomic diffusion in metal poor stars. The influence on the Main Sequence fitting distance scale, subdwarfs ages and the value of Delta Y/ Delta Z}",
  journal = {\aap},
   eprint = {astro-ph/0001386},
 keywords = {DIFFUSION, STARS: ABUNDANCES, STARS: DISTANCES, STARS: HERTZSPRUNG-RUSSEL (HR) AND C-M DIAGRAMS, GALAXY: GLOBULAR CLUSTERS: GENERAL},
     year = 2000,
    month = mar,
   volume = 355,
    pages = {299-307},
   adsurl = {http://adsabs.harvard.edu/abs/2000A\%26A...355..299S},
  adsnote = {Provided by the SAO/NASA Astrophysics Data System}
}


@ARTICLE{Riello,
   author = {{Riello}, M. and {Cassisi}, S. and {Piotto}, G. and {Recio-Blanco}, A. and 
  {De Angeli}, F. and {Salaris}, M. and {Pietrinferni}, A. and 
  {Bono}, G. and {Zoccali}, M.},
    title = "{The Red Giant Branch luminosity function bump}",
  journal = {\aap},
   eprint = {astro-ph/0308431},
 keywords = {Galaxy: globular clusters: general, stars: luminosity function, mass function, stars: evolution, stars: statistics},
     year = 2003,
    month = nov,
   volume = 410,
    pages = {553-563},
      doi = {10.1051/0004-6361:20031272},
   adsurl = {http://adsabs.harvard.edu/abs/2003A\%26A...410..553R},
  adsnote = {Provided by the SAO/NASA Astrophysics Data System}
}

@ARTICLE{Troisi,
   author = {{Troisi}, F. and {Bono}, G. and {Stetson}, P.~B. and {Pietrinferni}, A. and 
  {Weiss}, A. and {Fabrizio}, M. and {Ferraro}, I. and {Cecco}, A.~D. and 
  {Iannicola}, G. and {Buonanno}, R. and {Calamida}, A. and {Caputo}, F. and 
  {Corsi}, C.~E. and {Dall'Ora}, M. and {Kunder}, A. and {Monelli}, M. and 
  {Nonino}, M. and {Piersimoni}, A.~M. and {Pulone}, L. and {Romaniello}, M. and 
  {Walker}, A.~R. and {Zoccali}, M.},
    title = "{On a New Parameter to Estimate the Helium Content in Old Stellar Systems}",
  journal = {\pasp},
archivePrefix = "arXiv",
   eprint = {1106.2734},
 primaryClass = "astro-ph.SR",
 keywords = {Star Clusters and Associations},
     year = 2011,
    month = aug,
   volume = 123,
    pages = {879-891},
      doi = {10.1086/661534},
   adsurl = {http://adsabs.harvard.edu/abs/2011PASP..123..879T},
  adsnote = {Provided by the SAO/NASA Astrophysics Data System}
}



%-------------------------- references above this line were added after referee's notes in April---------------------


@ARTICLE{BASTI06,
   author = {{Cassisi}, S. and {Pietrinferni}, A. and {Salaris}, M. and {Castelli}, F. and 
  {Cordier}, D. and {Castellani}, M.},
    title = "{BASTI: an interactive database of updated stellar evolution models}",
  journal = {\memsai},
   eprint = {astro-ph/0509543},
 keywords = {CM diagram, H burning, He burning stars, Isochrone fitting},
     year = 2006,
   volume = 77,
    pages = {71},
   adsurl = {http://adsabs.harvard.edu/abs/2006MmSAI..77...71C},
  adsnote = {Provided by the SAO/NASA Astrophysics Data System}
}


@ARTICLE{VDB2000,
   author = {{VandenBerg}, D.~A.},
    title = "{Models for Old, Metal-Poor Stars with Enhanced {$\alpha$}-Element Abundances. II. Their Implications for the Ages of the Galaxy's Globular Clusters and Field Halo Stars}",
  journal = {\apjs},
 keywords = {Galaxy: Globular Clusters: General, Stars: Evolution, Stars: Interiors, Stars: Population II},
     year = 2000,
    month = jul,
   volume = 129,
    pages = {315-352},
      doi = {10.1086/313404},
   adsurl = {http://adsabs.harvard.edu/abs/2000ApJS..129..315V},
  adsnote = {Provided by the SAO/NASA Astrophysics Data System}
}


@ARTICLE{YY,
   author = {{Demarque}, P. and {Woo}, J.-H. and {Kim}, Y.-C. and {Yi}, S.~K.
  },
    title = "{Y$^{2}$ Isochrones with an Improved Core Overshoot Treatment}",
  journal = {\apjs},
 keywords = {Convection, Stars: Evolution, Stars: Interiors},
     year = 2004,
    month = dec,
   volume = 155,
    pages = {667-674},
      doi = {10.1086/424966},
   adsurl = {http://adsabs.harvard.edu/abs/2004ApJS..155..667D},
  adsnote = {Provided by the SAO/NASA Astrophysics Data System}
}


@ARTICLE{CMD,
   author = {{Bressan}, A. and {Marigo}, P. and {Girardi}, L. and {Salasnich}, B. and 
  {Dal Cero}, C. and {Rubele}, S. and {Nanni}, A.},
    title = "{PARSEC: stellar tracks and isochrones with the PAdova and TRieste Stellar Evolution Code}",
  journal = {\mnras},
archivePrefix = "arXiv",
   eprint = {1208.4498},
 primaryClass = "astro-ph.SR",
 keywords = {stars: evolution, Hertzsprung{\dash}Russell and colour magnitude diagrams, stars: interiors, stars: low-mass},
     year = 2012,
    month = nov,
   volume = 427,
    pages = {127-145},
      doi = {10.1111/j.1365-2966.2012.21948.x},
   adsurl = {http://adsabs.harvard.edu/abs/2012MNRAS.427..127B},
  adsnote = {Provided by the SAO/NASA Astrophysics Data System}
}




@ARTICLE{Chab06,
   author = {{Bjork}, S.~R. and {Chaboyer}, B.},
    title = "{Theoretical Uncertainties in Red Giant Branch Evolution: The Red Giant Branch Bump}",
  journal = {\apj},
   eprint = {astro-ph/0512508},
 keywords = {Galaxy: Globular Clusters: General, Stars: Evolution, Stars: Interiors, Stars: Luminosity Function, Mass Function},
     year = 2006,
    month = apr,
   volume = 641,
    pages = {1102-1112},
      doi = {10.1086/500505},
   adsurl = {http://adsabs.harvard.edu/abs/2006ApJ...641.1102B},
  adsnote = {Provided by the SAO/NASA Astrophysics Data System}
}



@ARTICLE{Dotter07,
   author = {{Dotter}, A. and {Chaboyer}, B. and {Jevremovi{\'c}}, D. and 
  {Baron}, E. and {Ferguson}, J.~W. and {Sarajedini}, A. and {Anderson}, J.
  },
    title = "{The ACS Survey of Galactic Globular Clusters. II. Stellar Evolution Tracks, Isochrones, Luminosity Functions, and Synthetic Horizontal-Branch Models}",
  journal = {\aj},
archivePrefix = "arXiv",
   eprint = {0706.0847},
 keywords = {globular clusters: general, stars: evolution},
     year = 2007,
    month = jul,
   volume = 134,
    pages = {376-390},
      doi = {10.1086/517915},
   adsurl = {http://adsabs.harvard.edu/abs/2007AJ....134..376D},
  adsnote = {Provided by the SAO/NASA Astrophysics Data System}
}


@ARTICLE{Dotter,
   author = {{Dotter}, A. and {Chaboyer}, B. and {Jevremovi{\'c}}, D. and 
  {Kostov}, V. and {Baron}, E. and {Ferguson}, J.~W.},
    title = "{The Dartmouth Stellar Evolution Database}",
  journal = {\apjs},
archivePrefix = "arXiv",
   eprint = {0804.4473},
 keywords = {Galaxy: Globular Clusters: General, Galaxy: Open Clusters and Associations: General, Stars: Evolution},
     year = 2008,
    month = sep,
   volume = 178,
    pages = {89-101},
      doi = {10.1086/589654},
   adsurl = {http://adsabs.harvard.edu/abs/2008ApJS..178...89D},
  adsnote = {Provided by the SAO/NASA Astrophysics Data System}
}

@ARTICLE{Di,
   author = {{Di Cecco}, A. and {Bono}, G. and {Stetson}, P.~B. and {Pietrinferni}, A. and 
  {Becucci}, R. and {Cassisi}, S. and {Degl'Innocenti}, S. and 
  {Iannicola}, G. and {Prada Moroni}, P.~G. and {Buonanno}, R. and 
  {Calamida}, A. and {Caputo}, F. and {Castellani}, M. and {Corsi}, C.~E. and 
  {Ferraro}, I. and {Dall'Ora}, M. and {Monelli}, M. and {Nonino}, M. and 
  {Piersimoni}, A.~M. and {Pulone}, L. and {Romaniello}, M. and 
  {Salaris}, M. and {Walker}, A.~R. and {Zoccali}, M.},
    title = "{On the {$\Delta$}V $^{bump}$ $_{HB}$ Parameter in Globular Clusters}",
  journal = {\apj},
archivePrefix = "arXiv",
   eprint = {1002.2074},
 primaryClass = "astro-ph.SR",
 keywords = {globular clusters: general, stars: evolution, stars: horizontal-branch, stars: Population II},
     year = 2010,
    month = mar,
   volume = 712,
    pages = {527-535},
      doi = {10.1088/0004-637X/712/1/527},
   adsurl = {http://adsabs.harvard.edu/abs/2010ApJ...712..527D},
  adsnote = {Provided by the SAO/NASA Astrophysics Data System}
}

@ARTICLE{Cas,
   author = {{Cassisi}, S. and {Mar{\'{\i}}n-Franch}, A. and {Salaris}, M. and 
  {Aparicio}, A. and {Monelli}, M. and {Pietrinferni}, A.},
    title = "{The magnitude difference between the main sequence turn off and the red giant branch bump in Galactic globular clusters}",
  journal = {\aap},
archivePrefix = "arXiv",
   eprint = {1012.0419},
 primaryClass = "astro-ph.SR",
 keywords = {stars: general, Hertzsprung-Russell and C-M diagrams, stars: low-mass, stars: luminosity function, mass function, stars: Population II, globular clusters: general},
     year = 2011,
    month = mar,
   volume = 527,
      eid = {A59},
    pages = {A59},
      doi = {10.1051/0004-6361/201016066},
   adsurl = {http://adsabs.harvard.edu/abs/2011A\\%26A...527A..59C},
  adsnote = {Provided by the SAO/NASA Astrophysics Data System}
}


@ARTICLE{VC,
   author = {{VandenBerg}, D.~A. and {Clem}, J.~L.},
    title = "{Empirically Constrained Color-Temperature Relations. I. BV(RI)$_{C}$}",
  journal = {\aj},
 keywords = {Stars: Color-Magnitude Diagrams, Galaxy: Globular Clusters: General, Galaxy: Globular Clusters: Individual: Messier Number: M92, globular clusters: individual (M68, 47 Tucanae)- Galaxy: Open Clusters and Associations: General, Galaxy: Open Clusters and Associations: Individual: Messier Number: M67, Galaxy: Open Clusters and Associations: Individual: Name: Pleiades, Galaxy: Open Clusters and Associations: Individual: Name: Hyades, Galaxy: Open Clusters and Associations: Individual: NGC Number: NGC 6791, Stars: General},
     year = 2003,
    month = aug,
   volume = 126,
    pages = {778-802},
      doi = {10.1086/376840},
   adsurl = {http://adsabs.harvard.edu/abs/2003AJ....126..778V},
  adsnote = {Provided by the SAO/NASA Astrophysics Data System}
}



@ARTICLE{Ferg,
   author = {{Ferguson}, J.~W. and {Alexander}, D.~R. and {Allard}, F. and 
  {Barman}, T. and {Bodnarik}, J.~G. and {Hauschildt}, P.~H. and 
  {Heffner-Wong}, A. and {Tamanai}, A.},
    title = "{Low-Temperature Opacities}",
  journal = {\apj},
   eprint = {astro-ph/0502045},
 keywords = {Atomic Data, Equation of State, Methods: Numerical, Molecular Data},
     year = 2005,
    month = apr,
   volume = 623,
    pages = {585-596},
      doi = {10.1086/428642},
   adsurl = {http://adsabs.harvard.edu/abs/2005ApJ...623..585F},
  adsnote = {Provided by the SAO/NASA Astrophysics Data System}
}



@ARTICLE{Hauschildt,
   author = {{Hauschildt}, P.~H. and {Allard}, F. and {Baron}, E.},
    title = "{The NextGen Model Atmosphere Grid for 3000{\lt}=T$_{eff}${\lt}=10,000 K}",
  journal = {\apj},
   eprint = {astro-ph/9807286},
 keywords = {RADIATIVE TRANSFER, STARS: ATMOSPHERES, STARS: LATE-TYPE, Radiative Transfer, Stars: Atmospheres, Stars: Late-Type},
     year = 1999,
    month = feb,
   volume = 512,
    pages = {377-385},
      doi = {10.1086/306745},
   adsurl = {http://adsabs.harvard.edu/abs/1999ApJ...512..377H},
  adsnote = {Provided by the SAO/NASA Astrophysics Data System}
}


@ARTICLE{Hauschildtb,
   author = {{Hauschildt}, P.~H. and {Allard}, F. and {Ferguson}, J. and 
  {Baron}, E. and {Alexander}, D.~R.},
    title = "{The NEXTGEN Model Atmosphere Grid. II. Spherically Symmetric Model Atmospheres for Giant Stars with Effective Temperatures between 3000 and 6800 K}",
  journal = {\apj},
   eprint = {astro-ph/9907194},
 keywords = {RADIATIVE TRANSFER, STARS: ATMOSPHERES, STARS: LATE-TYPE, Radiative Transfer, Stars: Atmospheres, Stars: Late-Type},
     year = 1999,
    month = nov,
   volume = 525,
    pages = {871-880},
      doi = {10.1086/307954},
   adsurl = {http://adsabs.harvard.edu/abs/1999ApJ...525..871H},
  adsnote = {Provided by the SAO/NASA Astrophysics Data System}
}





%________________________________________________________ things from research proposal ________________


@ARTICLE{me,
   author = {{Joyce}, M. and {Chaboyer}, B.},
    title = "{Investigating the Consistency of Stellar Evolution Models with Globular Cluster Observations via the Red Giant Branch Bump}",
  journal = {\apj},
archivePrefix = "arXiv",
   eprint = {1510.07648},
 primaryClass = "astro-ph.SR",
 keywords = {globular clusters: general, methods: statistical, stars: evolution},
     year = 2015,
    month = dec,
   volume = 814,
      eid = {142},
    pages = {142},
      doi = {10.1088/0004-637X/814/2/142},
   adsurl = {http://adsabs.harvard.edu/abs/2015ApJ...814..142J},
  adsnote = {Provided by the SAO/NASA Astrophysics Data System}
}

@ARTICLE{Altair,
   author = {{Monnier}, J.~D. and {Zhao}, M. and {Pedretti}, E. and {Thureau}, N. and 
  {Ireland}, M. and {Muirhead}, P. and {Berger}, J.-P. and {Millan-Gabet}, R. and 
  {Van Belle}, G. and {ten Brummelaar}, T. and {McAlister}, H. and 
  {Ridgway}, S. and {Turner}, N. and {Sturmann}, L. and {Sturmann}, J. and 
  {Berger}, D.},
    title = "{Imaging the Surface of Altair}",
  journal = {Science},
archivePrefix = "arXiv",
   eprint = {0706.0867},
     year = 2007,
    month = jul,
   volume = 317,
    pages = {342},
      doi = {10.1126/science.1143205},
   adsurl = {http://adsabs.harvard.edu/abs/2007Sci...317..342M},
  adsnote = {Provided by the SAO/NASA Astrophysics Data System}
}


@ARTICLE{VZ,
   author = {{von Zeipel}, H.},
    title = "{The radiative equilibrium of a rotating system of gaseous masses}",
  journal = {\mnras},
     year = 1924,
    month = jun,
   volume = 84,
    pages = {665-683},
      doi = {10.1093/mnras/84.9.665},
   adsurl = {http://adsabs.harvard.edu/abs/1924MNRAS..84..665V},
  adsnote = {Provided by the SAO/NASA Astrophysics Data System}
}


@ARTICLE{Li,
   author = {{Li}, L.~H. and {Ventura}, P. and {Basu}, S. and {Sofia}, S. and 
  {Demarque}, P.},
    title = "{Two-dimensional Stellar Evolution Code Including Arbitrary Magnetic Fields. I. Mathematical Techniques and Test Cases}",
  journal = {\apjs},
   eprint = {astro-ph/0511238},
 keywords = {Stars: Evolution, Stars: Variables: Other, Sun: Interior, Sun: Oscillations},
     year = 2006,
    month = may,
   volume = 164,
    pages = {215-254},
      doi = {10.1086/502800},
   adsurl = {http://adsabs.harvard.edu/abs/2006ApJS..164..215L},
  adsnote = {Provided by the SAO/NASA Astrophysics Data System}
}

%----------------------------------NEW FOR THESIS PROPOSAL---------------^^^^^------

@ARTICLE{CarGratton,
   author = {{Carretta}, E. and {Gratton}, R.~G.},
    title = "{Abundances for globular cluster giants. I. Homogeneous metallicities for 24 clusters}",
  journal = {\aaps},
   eprint = {astro-ph/9607078},
 keywords = {STARS: ABUNDANCES, STARS: POPULATION II, GLOBULAR CLUSTERS: GENERAL},
     year = 1997,
    month = jan,
   volume = 121,
    pages = {95-112},
      doi = {10.1051/aas:1997116},
   adsurl = {http://adsabs.harvard.edu/abs/1997A\%26AS..121...95C},
  adsnote = {Provided by the SAO/NASA Astrophysics Data System}
}

@ARTICLE{KraftIvans,
   author = {{Kraft}, R.~P. and {Ivans}, I.~I.},
    title = "{A Globular Cluster Metallicity Scale Based on the Abundance of Fe II}",
  journal = {\pasp},
   eprint = {astro-ph/0210590},
 keywords = {Galaxy: Abundances, Galaxy: Globular Clusters: Individual: Messier Number: M15, Galaxy: Globular Clusters: Individual: Messier Number: M92, Galaxy: Globular Clusters: Individual: Messier Number: M13, Galaxy: Globular Clusters: Individual: Messier Number: M3, Galaxy: Globular Clusters: Individual: Messier Number: M5, Stars: Abundances, Stars: Fundamental Parameters},
     year = 2003,
    month = feb,
   volume = 115,
    pages = {143-169},
      doi = {10.1086/345914},
   adsurl = {http://adsabs.harvard.edu/abs/2003PASP..115..143K},
  adsnote = {Provided by the SAO/NASA Astrophysics Data System}
}


@ARTICLE{Piet10,
   author = {{Pietrinferni}, A. and {Cassisi}, S. and {Salaris}, M.},
    title = "{The impact of an updated $^{14}$N(p, {$\gamma$})$^{15}$O reaction rate on advanced evolutionary stages of low-mass stellar models}",
  journal = {\aap},
archivePrefix = "arXiv",
   eprint = {1007.1307},
 primaryClass = "astro-ph.SR",
 keywords = {stars: interiors, stars: evolution, nuclear reactions, nucleosynthesis, abundances},
     year = 2010,
    month = nov,
   volume = 522,
      eid = {A76},
    pages = {A76},
      doi = {10.1051/0004-6361/201015065},
   adsurl = {http://adsabs.harvard.edu/abs/2010A\%26A...522A..76P},
  adsnote = {Provided by the SAO/NASA Astrophysics Data System}
}

%-------------------------- references above this line were added after referee's second notes in June---------------------

@ARTICLE{Sara,
   author = {{Sarajedini}, A. and {Bedin}, L.~R. and {Chaboyer}, B. and {Dotter}, A. and 
  {Siegel}, M. and {Anderson}, J. and {Aparicio}, A. and {King}, I. and 
  {Majewski}, S. and {Mar{\'{\i}}n-Franch}, A. and {Piotto}, G. and 
  {Reid}, I.~N. and {Rosenberg}, A.},
    title = "{The ACS Survey of Galactic Globular Clusters. I. Overview and Clusters without Previous Hubble Space Telescope Photometry}",
  journal = {\aj},
   eprint = {astro-ph/0612598},
 keywords = {globular clusters: individual: E3: Lyng{\aa} 7: NGC 5053: NGC 5466: NGC 6144: NGC 6366: NGC 6779: Palomar 1: Palomar 2, Hertzsprung-Russell diagram},
     year = 2007,
    month = apr,
   volume = 133,
    pages = {1658-1672},
      doi = {10.1086/511979},
   adsurl = {http://adsabs.harvard.edu/abs/2007AJ....133.1658S},
  adsnote = {Provided by the SAO/NASA Astrophysics Data System}
}

@ARTICLE{Paust,
   author = {{Paust}, N.~E.~Q. and {Chaboyer}, B. and {Sarajedini}, A.},
    title = "{BVI Photometry and the Luminosity Functions of the Globular Cluster M92}",
  journal = {\aj},
   eprint = {astro-ph/0703167},
 keywords = {globular clusters: individual: M92, stars: distances, stars: evolution},
     year = 2007,
    month = jun,
   volume = 133,
    pages = {2787-2798},
      doi = {10.1086/513511},
   adsurl = {http://adsabs.harvard.edu/abs/2007AJ....133.2787P},
  adsnote = {Provided by the SAO/NASA Astrophysics Data System}
}


@ARTICLE{N2014,
   author = {{Nataf}, D.~M.},
    title = "{Red giant branch bump star counts in data and stellar models}",
  journal = {\mnras},
archivePrefix = "arXiv",
   eprint = {1409.6316},
 primaryClass = "astro-ph.SR",
 keywords = {stars: evolution, Hertzsprung-Russell and colour-magnitude diagrams, stars: luminosity function, mass function},
     year = 2014,
    month = dec,
   volume = 445,
    pages = {3839-3847},
      doi = {10.1093/mnras/stu1974},
   adsurl = {http://adsabs.harvard.edu/abs/2014MNRAS.445.3839N},
  adsnote = {Provided by the SAO/NASA Astrophysics Data System}
}


@article{Marta,
  title = {Precision study of ground state capture in the ${}^{14}\mathrm{N}(p,$\gamma${}){}^{15}\mathrm{O}$ reaction},
  author = {Marta, M. and Formicola, A. and Gy\"urky, Gy. and Bemmerer, D. and Broggini, C. and Caciolli, A. and Corvisiero, P. and Costantini, H. and Elekes, Z. and F\"ul\"op, Zs. and Gervino, G. and Guglielmetti, A. and Gustavino, C. and Imbriani, G. and Junker, M. and Kunz, R. and Lemut, A. and Limata, B. and Mazzocchi, C. and Menegazzo, R. and Prati, P. and Roca, V. and Rolfs, C. and Romano, M. and Alvarez, C. Rossi and Somorjai, E. and Straniero, O. and Strieder, F. and Terrasi, F. and Trautvetter, H. P. and Vomiero, A.},
  journal = {Phys. Rev. C},
  volume = {78},
  issue = {2},
  pages = {022802},
  numpages = {4},
  year = {2008},
  month = {Aug},
  publisher = {American Physical Society},
  doi = {10.1103/PhysRevC.78.022802},
  url = {http://link.aps.org/doi/10.1103/PhysRevC.78.022802}
}


  @Book{DMwR,
    title = {Data Mining with R, learning with case studies},
    author = {L. Torgo},
    publisher = {Chapman and Hall/CRC},
    year = {2010},
    url = {http://www.dcc.fc.up.pt/~ltorgo/DataMiningWithR},
  }



@ARTICLE{MESA,
   author = {{Paxton}, B. and {Cantiello}, M. and {Arras}, P. and {Bildsten}, L. and 
  {Brown}, E.~F. and {Dotter}, A. and {Mankovich}, C. and {Montgomery}, M.~H. and 
  {Stello}, D. and {Timmes}, F.~X. and {Townsend}, R.},
    title = "{Modules for Experiments in Stellar Astrophysics (MESA): Planets, Oscillations, Rotation, and Massive Stars}",
  journal = {\apjs},
archivePrefix = "arXiv",
   eprint = {1301.0319},
 primaryClass = "astro-ph.SR",
 keywords = {asteroseismology, methods: numerical, planets and satellites: physical evolution, stars: evolution, stars: massive, stars: rotation},
     year = 2013,
    month = sep,
   volume = 208,
      eid = {4},
    pages = {4},
      doi = {10.1088/0067-0049/208/1/4},
   adsurl = {http://adsabs.harvard.edu/abs/2013ApJS..208....4P},
  adsnote = {Provided by the SAO/NASA Astrophysics Data System}
}


@ARTICLE{Salaris00,
   author = {{Salaris}, M. and {Groenewegen}, M.~A.~T. and {Weiss}, A.},
    title = "{Atomic diffusion in metal poor stars. The influence on the Main Sequence fitting distance scale, subdwarfs ages and the value of Delta Y/ Delta Z}",
  journal = {\aap},
   eprint = {astro-ph/0001386},
 keywords = {DIFFUSION, STARS: ABUNDANCES, STARS: DISTANCES, STARS: HERTZSPRUNG-RUSSEL (HR) AND C-M DIAGRAMS, GALAXY: GLOBULAR CLUSTERS: GENERAL},
     year = 2000,
    month = mar,
   volume = 355,
    pages = {299-307},
   adsurl = {http://adsabs.harvard.edu/abs/2000A\%26A...355..299S},
  adsnote = {Provided by the SAO/NASA Astrophysics Data System}
}

@ARTICLE{Bergbusch,
   author = {{Bergbusch}, P.~A. and {VandenBerg}, D.~A.},
    title = "{Models for Old, Metal-poor Stars with Enhanced {$\alpha$}-Element Abundances. III. Isochrones and Isochrone Population Functions}",
  journal = {\apj},
   eprint = {astro-ph/0102480},
 keywords = {Galaxy: Globular Clusters: General, Stars: Evolution, Stars: Interiors, Stars: Population II},
     year = 2001,
    month = jul,
   volume = 556,
    pages = {322-339},
      doi = {10.1086/321571},
   adsurl = {http://adsabs.harvard.edu/abs/2001ApJ...556..322B},
  adsnote = {Provided by the SAO/NASA Astrophysics Data System}
}


%-------------------------- references above this line were added after referee's notes in April---------------------


@ARTICLE{VDB2006,
   author = {{VandenBerg}, D.~A. and {Bergbusch}, P.~A. and {Dowler}, P.~D.
  },
    title = "{The Victoria-Regina Stellar Models: Evolutionary Tracks and Isochrones for a Wide Range in Mass and Metallicity that Allow for Empirically Constrained Amounts of Convective Core Overshooting}",
  journal = {\apjs},
   eprint = {astro-ph/0510784},
 keywords = {Convection, Galaxy: Globular Clusters: General, Stars: Hertzsprung-Russell Diagram, Stars: Evolution, Stars: General},
     year = 2006,
    month = feb,
   volume = 162,
    pages = {375-387},
      doi = {10.1086/498451},
   adsurl = {http://adsabs.harvard.edu/abs/2006ApJS..162..375V},
  adsnote = {Provided by the SAO/NASA Astrophysics Data System}
}

@ARTICLE{Adel,
   author = {{Adelberger}, E.~G. and {Austin}, S.~M. and {Bahcall}, J.~N. and 
  {Balantekin}, A.~B. and {Bogaert}, G. and {Brown}, L.~S. and 
  {Buchmann}, L. and {Cecil}, F.~E. and {Champagne}, A.~E. and 
  {de Braeckeleer}, L. and {Duba}, C.~A. and {Elliott}, S.~R. and 
  {Freedman}, S.~J. and {Gai}, M. and {Goldring}, G. and {Gould}, C.~R. and 
  {Gruzinov}, A. and {Haxton}, W.~C. and {Heeger}, K.~M. and {Henley}, E. and 
  {Johnson}, C.~W. and {Kamionkowski}, M. and {Kavanagh}, R.~W. and 
  {Koonin}, S.~E. and {Kubodera}, K. and {Langanke}, K. and {Motobayashi}, T. and 
  {Pandharipande}, V. and {Parker}, P. and {Robertson}, R.~G. and 
  {Rolfs}, C. and {Sawyer}, R.~F. and {Shaviv}, N. and {Shoppa}, T.~D. and 
  {Snover}, K.~A. and {Swanson}, E. and {Tribble}, R.~E. and {Turck-Chi{\`e}ze}, S. and 
  {Wilkerson}, J.~F.},
    title = "{Solar fusion cross sections}",
  journal = {Reviews of Modern Physics},
   eprint = {astro-ph/9805121},
 keywords = {Solar neutrinos, Solar interior, Hydrostatic stellar nucleosynthesis, Solar neutrinos, Solar interior, Hydrostatic stellar nucleosynthesis},
     year = 1998,
    month = oct,
   volume = 70,
    pages = {1265-1291},
      doi = {10.1103/RevModPhys.70.1265},
   adsurl = {http://adsabs.harvard.edu/abs/1998RvMP...70.1265A},
  adsnote = {Provided by the SAO/NASA Astrophysics Data System}
}

@ARTICLE{Piet04,
   author = {{Pietrinferni}, A. and {Cassisi}, S. and {Salaris}, M. and {Castelli}, F.
  },
    title = "{A Large Stellar Evolution Database for Population Synthesis Studies. I. Scaled Solar Models and Isochrones}",
  journal = {\apj},
   eprint = {astro-ph/0405193},
 keywords = {Galaxies: Stellar Content, Galaxy: Disk, Galaxy: Open Clusters and Associations: General, Stars: Evolution, Stars: Horizontal-Branch},
     year = 2004,
    month = sep,
   volume = 612,
    pages = {168-190},
      doi = {10.1086/422498},
   adsurl = {http://adsabs.harvard.edu/abs/2004ApJ...612..168P},
  adsnote = {Provided by the SAO/NASA Astrophysics Data System}
}


@ARTICLE{Piet06,
   author = {{Pietrinferni}, A. and {Cassisi}, S. and {Salaris}, M. and {Castelli}, F.
  },
    title = "{A Large Stellar Evolution Database for Population Synthesis Studies. II. Stellar Models and Isochrones for an {$\alpha$}-enhanced Metal Distribution}",
  journal = {\apj},
   eprint = {astro-ph/0603721},
 keywords = {Galaxies: Stellar Content, Galaxy: Globular Clusters: General, Stars: Evolution, Stars: Horizontal-Branch},
     year = 2006,
    month = may,
   volume = 642,
    pages = {797-812},
      doi = {10.1086/501344},
   adsurl = {http://adsabs.harvard.edu/abs/2006ApJ...642..797P},
  adsnote = {Provided by the SAO/NASA Astrophysics Data System}
}



@ARTICLE{BaSTI,
   author = {{Cordier}, D. and {Pietrinferni}, A. and {Cassisi}, S. and {Salaris}, M.
  },
    title = "{A Large Stellar Evolution Database for Population Synthesis Studies. III. Inclusion of the Full Asymptotic Giant Branch Phase and Web Tools for Stellar Population Analyses}",
  journal = {\aj},
   eprint = {astro-ph/0612669},
 keywords = {astronomical data bases: miscellaneous, galaxies: stellar content, stars: AGB and post-AGB, stars: general},
     year = 2007,
    month = feb,
   volume = 133,
    pages = {468-478},
      doi = {10.1086/509870},
   adsurl = {http://adsabs.harvard.edu/abs/2007AJ....133..468C},
  adsnote = {Provided by the SAO/NASA Astrophysics Data System}
}

@ARTICLE{VDB2000,
   author = {{VandenBerg}, D.~A.},
    title = "{Models for Old, Metal-Poor Stars with Enhanced {$\alpha$}-Element Abundances. II. Their Implications for the Ages of the Galaxy's Globular Clusters and Field Halo Stars}",
  journal = {\apjs},
 keywords = {Galaxy: Globular Clusters: General, Stars: Evolution, Stars: Interiors, Stars: Population II},
     year = 2000,
    month = jul,
   volume = 129,
    pages = {315-352},
      doi = {10.1086/313404},
   adsurl = {http://adsabs.harvard.edu/abs/2000ApJS..129..315V},
  adsnote = {Provided by the SAO/NASA Astrophysics Data System}
}



@ARTICLE{YY2013,
   author = {{Spada}, F. and {Demarque}, P. and {Kim}, Y.-C. and {Sills}, A.
  },
    title = "{The Radius Discrepancy in Low-mass Stars: Single versus Binaries}",
  journal = {\apj},
archivePrefix = "arXiv",
   eprint = {1308.5558},
 primaryClass = "astro-ph.SR",
 keywords = {stars: activity, stars: atmospheres, stars: evolution, stars: interiors, stars: low-mass},
     year = 2013,
    month = oct,
   volume = 776,
      eid = {87},
    pages = {87},
      doi = {10.1088/0004-637X/776/2/87},
   adsurl = {http://adsabs.harvard.edu/abs/2013ApJ...776...87S},
  adsnote = {Provided by the SAO/NASA Astrophysics Data System}
}


@ARTICLE{Nataf,
   author = {{Nataf}, D.~M. and {Gould}, A.~P. and {Pinsonneault}, M.~H. and 
  {Udalski}, A.},
    title = "{Red Giant Branch Bump Brightness and Number Counts in 72 Galactic Globular Clusters Observed with the Hubble Space Telescope}",
  journal = {\apj},
archivePrefix = "arXiv",
   eprint = {1109.2118},
 primaryClass = "astro-ph.GA",
 keywords = {Galaxy: bulge, globular clusters: general, globular clusters: individual: NGC 2808 NGC 5286 NGC 6388 NGC 6441, Hertzsprung-Russell and C-M diagrams},
     year = 2013,
    month = apr,
   volume = 766,
      eid = {77},
    pages = {77},
      doi = {10.1088/0004-637X/766/2/77},
   adsurl = {http://adsabs.harvard.edu/abs/2013ApJ...766...77N},
  adsnote = {Provided by the SAO/NASA Astrophysics Data System}
}


@ARTICLE{Zoc,
   author = {{Zoccali}, M. and {Cassisi}, S. and {Piotto}, G. and {Bono}, G. and 
  {Salaris}, M.},
    title = "{Comparison between Predicted and Empirical {$\Delta$}V$^{bump}$$_{HB}$ in Galactic Globular Clusters}",
  journal = {\apjl},
   eprint = {astro-ph/9904183},
 keywords = {GALAXY: GLOBULAR CLUSTERS: GENERAL, STARS: EVOLUTION, STARS: HORIZONTAL-BRANCH, STARS: POPULATION II, Galaxy: Globular Clusters: General, Stars: Evolution, Stars: Horizontal-Branch, Stars: Population II},
     year = 1999,
    month = jun,
   volume = 518,
    pages = {L49-L52},
      doi = {10.1086/312064},
   adsurl = {http://adsabs.harvard.edu/abs/1999ApJ...518L..49Z},
  adsnote = {Provided by the SAO/NASA Astrophysics Data System}
}


@ARTICLE{Pol,
   author = {{Pollard}, K.~R. and {Cottrell}, P.~L. and {Lawson}, W.~A.},
    title = "{An Abundance Analysis of R-Coronae Stars in the Galaxy and the Large Magellanic Cloud}",
  journal = {\mnras},
     year = 1994,
    month = may,
   volume = 268,
    pages = {544},
   adsurl = {http://adsabs.harvard.edu/abs/1994MNRAS.268..544P},
  adsnote = {Provided by the SAO/NASA Astrophysics Data System}
}


@MISC{FreeEOS,
   author = {{Irwin}, A.~W.},
    title = "{FreeEOS: Equation of State for stellar interiors calculations}",
howpublished = {Astrophysics Source Code Library},
     year = 2012,
    month = nov,
archivePrefix = "ascl",
   eprint = {1211.002},
   adsurl = {http://adsabs.harvard.edu/abs/2012ascl.soft11002I},
  adsnote = {Provided by the SAO/NASA Astrophysics Data System}
}

@ARTICLE{Car,
   author = {{Carretta}, E. and {Gratton}, R.~G. and {Lucatello}, S. and 
  {Bragaglia}, A. and {Catanzaro}, G. and {Leone}, F. and {Momany}, Y. and 
  {D'Orazi}, V. and {Cassisi}, S. and {D'Antona}, F. and {Ortolani}, S.
  },
    title = "{Abundances for a Large Sample of Red Giants in NGC 1851: Hints for a Merger of Two Clusters?}",
  journal = {\apjl},
archivePrefix = "arXiv",
   eprint = {1007.5301},
 primaryClass = "astro-ph.GA",
 keywords = {globular clusters: general, globular clusters: individual: NGC 1851, stars: abundances, stars: evolution, stars: Population II},
     year = 2010,
    month = oct,
   volume = 722,
    pages = {L1-L6},
      doi = {10.1088/2041-8205/722/1/L1},
   adsurl = {http://adsabs.harvard.edu/abs/2010ApJ...722L...1C},
  adsnote = {Provided by the SAO/NASA Astrophysics Data System}
}


@ARTICLE{Planck,
   author = {{Planck Collaboration}},
    title = "{VizieR Online Data Catalog: Planck Catalog of Compact Sources Release 1 (Planck, 2013)}",
  journal = {VizieR Online Data Catalog},
 keywords = {Planck},
     year = 2013,
    month = mar,
   volume = 8091,
    pages = {0},
   adsurl = {http://adsabs.harvard.edu/abs/2013yCat.8091....0P},
  adsnote = {Provided by the SAO/NASA Astrophysics Data System}
}






@ARTICLE{EndalSofia,
   author = {{Endal}, A.~S. and {Sofia}, S.},
    title = "{The evolution of rotating stars. I - Method and exploratory calculations for a 7-solar-mass star}",
  journal = {\apj},
 keywords = {Angular Momentum, Main Sequence Stars, Momentum Transfer, Stellar Evolution, Stellar Models, Stellar Rotation, Angular Distribution, Approximation, Hertzsprung-Russell Diagram, Mass Distribution, Stellar Mass, Stellar Structure, Velocity Distribution},
     year = 1976,
    month = nov,
   volume = 210,
    pages = {184-198},
      doi = {10.1086/154817},
   adsurl = {http://adsabs.harvard.edu/abs/1976ApJ...210..184E},
  adsnote = {Provided by the SAO/NASA Astrophysics Data System}
}


@ARTICLE{Rox,
   author = {{Roxburgh}, I.~W.},
    title = "{2-dimensional models of rapidly rotating stars. II. Hydrostatic and acoustic models with {$\Omega$}={$\Omega$}(r,{\thetas})}",
  journal = {\aap},
 keywords = {stars: rotation, stars: evolution},
     year = 2006,
    month = aug,
   volume = 454,
    pages = {883-888},
      doi = {10.1051/0004-6361:20065109},
   adsurl = {http://adsabs.harvard.edu/abs/2006A%26A...454..883R},
  adsnote = {Provided by the SAO/NASA Astrophysics Data System}
}


@ARTICLE{tumi-gal1995,
       author = {{Gal}, J. and {Szatmary}, K.},
        title = "{T Ursae Minoris: a Mira star with rapidly decreasing period.}",
      journal = {\aap},
     keywords = {METHODS: DATA ANALYSIS, STARS: AGB, STARS: INDIVIDUAL: T UMI},
         year = 1995,
        month = May,
       volume = {297},
        pages = {461},
       adsurl = {https://ui.adsabs.harvard.edu/#abs/1995A&A...297..461G},
      adsnote = {Provided by the SAO/NASA Astrophysics Data System}
}

@ARTICLE{tumi-mattei1995,
       author = {{Mattei}, Janet A. and {Foster}, Grant},
        title = "{Dramatic Period Decrease in T Ursae Minoris}",
      journal = {Journal of the American Association of Variable Star Observers (JAAVSO)},
     keywords = {MIRA, T URSAE MINORIS, HELIUM FLASH},
         year = 1995,
        month = Jan,
       volume = {23},
        pages = {106-116},
       adsurl = {https://ui.adsabs.harvard.edu/#abs/1995JAVSO..23..106M},
      adsnote = {Provided by the SAO/NASA Astrophysics Data System}
}

@ARTICLE{tumi-uttenthaler2011,
       author = {{Uttenthaler}, S. and {van Stiphout}, K. and {Voet}, K. and {van
        Winckel}, H. and {van Eck}, S. and {Jorissen}, A. and
        {Kerschbaum}, F. and {Raskin}, G. and {Prins}, S. and
        {Pessemier}, W. and {Waelkens}, C. and {Fr{\'e}mat}, Y. and
        {Hensberge}, H. and {Dumortier}, L. and {Lehmann}, H.},
        title = "{The evolutionary state of Miras with changing pulsation periods}",
      journal = {\aap},
     keywords = {stars: AGB and post-AGB, stars: oscillations, stars: evolution, stars:
        abundances, Astrophysics - Solar and Stellar Astrophysics},
         year = 2011,
        month = Jul,
       volume = {531},
          eid = {A88},
        pages = {A88},
          doi = {10.1051/0004-6361/201116463},
archivePrefix = {arXiv},
       eprint = {1105.2198},
 primaryClass = {astro-ph.SR},
       adsurl = {https://ui.adsabs.harvard.edu/#abs/2011A&A...531A..88U},
      adsnote = {Provided by the SAO/NASA Astrophysics Data System}
}

@ARTICLE{tumi-szatmary2003,
       author = {{Szatm{\'a}ry}, K. and {Kiss}, L.~L. and {Bebesi}, Zs.},
        title = "{The He-shell flash in action: T Ursae Minoris revisited}",
      journal = {\aap},
     keywords = {stars: variables: general, stars: oscillations, stars: AGB and post-AGB,
        stars: individual: T UMi, Astrophysics},
         year = 2003,
        month = Jan,
       volume = {398},
        pages = {277-282},
          doi = {10.1051/0004-6361:20021646},
archivePrefix = {arXiv},
       eprint = {astro-ph/0211284},
 primaryClass = {astro-ph},
       adsurl = {https://ui.adsabs.harvard.edu/#abs/2003A&A...398..277S},
      adsnote = {Provided by the SAO/NASA Astrophysics Data System}
}


@ARTICLE{perrin2004,
       author = {{Perrin}, G. and {Ridgway}, S.~T. and {Coud{\'e} du Foresto}, V. and
         {Mennesson}, B. and {Traub}, W.~A. and {Lacasse}, M.~G.},
        title = "{Interferometric observations of the supergiant stars {\ensuremath{\alpha}} Orionis and {\ensuremath{\alpha}} Herculis with FLUOR at IOTA}",
      journal = {\aap},
     keywords = {stars: supergiants, infrared: stars, techniques: interferometric, Astrophysics},
         year = 2004,
        month = may,
       volume = {418},
        pages = {675-685},
          doi = {10.1051/0004-6361:20040052},
archivePrefix = {arXiv},
       eprint = {astro-ph/0402099},
 primaryClass = {astro-ph},
       adsurl = {https://ui.adsabs.harvard.edu/abs/2004A&A...418..675P},
      adsnote = {Provided by the SAO/NASA Astrophysics Data System}
}

@ARTICLE{haubois2009,
       author = {{Haubois}, X. and {Perrin}, G. and {Lacour}, S. and {Verhoelst}, T. and
         {Meimon}, S. and {Mugnier}, L. and {Thi{\'e}baut}, E. and
         {Berger}, J.~P. and {Ridgway}, S.~T. and {Monnier}, J.~D. and
         {Millan-Gabet}, R. and {Traub}, W.},
        title = "{Imaging the spotty surface of <ASTROBJ>Betelgeuse</ASTROBJ> in the H band}",
      journal = {\aap},
     keywords = {convection, techniques: interferometric, stars: fundamental parameters, infrared: stars, stars: individual: <ASTROBJ>Betelgeuse</ASTROBJ>, Astrophysics - Solar and Stellar Astrophysics},
         year = 2009,
        month = dec,
       volume = {508},
       number = {2},
        pages = {923-932},
          doi = {10.1051/0004-6361/200912927},
archivePrefix = {arXiv},
       eprint = {0910.4167},
 primaryClass = {astro-ph.SR},
       adsurl = {https://ui.adsabs.harvard.edu/abs/2009A&A...508..923H},
      adsnote = {Provided by the SAO/NASA Astrophysics Data System}
}

@ARTICLE{hipparcos2007,
       author = {{van Leeuwen}, F.},
        title = "{Validation of the new Hipparcos reduction}",
      journal = {\aap},
     keywords = {space vehicles: instruments, methods: data analysis, catalogs, astrometry, instrumentation: miscellaneous, Astrophysics},
         year = 2007,
        month = nov,
       volume = {474},
       number = {2},
        pages = {653-664},
          doi = {10.1051/0004-6361:20078357},
archivePrefix = {arXiv},
       eprint = {0708.1752},
 primaryClass = {astro-ph},
       adsurl = {https://ui.adsabs.harvard.edu/abs/2007A&A...474..653V},
      adsnote = {Provided by the SAO/NASA Astrophysics Data System}
}

@ARTICLE{harper2008,
       author = {{Harper}, Graham M. and {Brown}, Alexander and {Guinan}, Edward F.},
        title = "{A New VLA-Hipparcos Distance to Betelgeuse and its Implications}",
      journal = {\aj},
     keywords = {astrometry, radio continuum: stars, stars: individual: {\ensuremath{\alpha}} Ori, stars: kinematics, supergiants, techniques: interferometric},
         year = 2008,
        month = apr,
       volume = {135},
       number = {4},
        pages = {1430-1440},
          doi = {10.1088/0004-6256/135/4/1430},
       adsurl = {https://ui.adsabs.harvard.edu/abs/2008AJ....135.1430H},
      adsnote = {Provided by the SAO/NASA Astrophysics Data System}
}

@ARTICLE{Gaia2016,
       author = {{Gaia Collaboration} and {Prusti}, T. and {de Bruijne}, J.~H.~J. and
         {Brown}, A.~G.~A. and {Vallenari}, A. and {Babusiaux}, C. and
         {Bailer-Jones}, C.~A.~L. and {Bastian}, U. and {Biermann}, M. and
         {Evans}, D.~W. and {Eyer}, L. and {Jansen}, F. and {Jordi}, C. and
         {Klioner}, S.~A. and {Lammers}, U. and {Lindegren}, L. and {Luri}, X. and
         {Mignard}, F. and {Milligan}, D.~J. and {Panem}, C. and
         {Poinsignon}, V. and {Pourbaix}, D. and {Randich}, S. and {Sarri}, G. and
         {Sartoretti}, P. and {Siddiqui}, H.~I. and {Soubiran}, C. and
         {Valette}, V. and {van Leeuwen}, F. and {Walton}, N.~A. and
         {Aerts}, C. and {Arenou}, F. and {Cropper}, M. and {Drimmel}, R. and
         {H{\o}g}, E. and {Katz}, D. and {Lattanzi}, M.~G. and {O'Mullane}, W. and
         {Grebel}, E.~K. and {Holland}, A.~D. and {Huc}, C. and {Passot}, X. and
         {Bramante}, L. and {Cacciari}, C. and {Casta{\~n}eda}, J. and
         {Chaoul}, L. and {Cheek}, N. and {De Angeli}, F. and {Fabricius}, C. and
         {Guerra}, R. and {Hern{\'a}ndez}, J. and {Jean-Antoine-Piccolo}, A. and
         {Masana}, E. and {Messineo}, R. and {Mowlavi}, N. and
         {Nienartowicz}, K. and {Ord{\'o}{\~n}ez-Blanco}, D. and {Panuzzo}, P. and
         {Portell}, J. and {Richards}, P.~J. and {Riello}, M. and
         {Seabroke}, G.~M. and {Tanga}, P. and {Th{\'e}venin}, F. and
         {Torra}, J. and {Els}, S.~G. and {Gracia-Abril}, G. and
         {Comoretto}, G. and {Garcia-Reinaldos}, M. and {Lock}, T. and
         {Mercier}, E.},
        title = "{The Gaia mission}",
      journal = {\aap},
     keywords = {space vehicles: instruments, Galaxy: structure, astrometry, parallaxes, proper motions, telescopes, Astrophysics - Instrumentation and Methods for Astrophysics},
         year = 2016,
        month = nov,
       volume = {595},
          eid = {A1},
        pages = {A1},
          doi = {10.1051/0004-6361/201629272},
archivePrefix = {arXiv},
       eprint = {1609.04153},
 primaryClass = {astro-ph.IM},
       adsurl = {https://ui.adsabs.harvard.edu/abs/2016A&A...595A...1G},
      adsnote = {Provided by the SAO/NASA Astrophysics Data System}
}



@ARTICLE{LSP-wood2004,
       author = {{Wood}, P.~R. and {Olivier}, E.~A. and {Kawaler}, S.~D.},
        title = "{Long Secondary Periods in Pulsating Asymptotic Giant Branch Stars: An Investigation of their Origin}",
      journal = {\apj},
     keywords = {Stars: Binaries: Close, Stars: Planetary Systems, Stars: AGB and Post-AGB, Stars: Oscillations},
         year = 2004,
        month = apr,
       volume = {604},
       number = {2},
        pages = {800-816},
          doi = {10.1086/382123},
       adsurl = {https://ui.adsabs.harvard.edu/abs/2004ApJ...604..800W},
      adsnote = {Provided by the SAO/NASA Astrophysics Data System}
}

@ARTICLE{LSP-nicholls2009,
       author = {{Nicholls}, C.~P. and {Wood}, P.~R. and {Cioni}, M. -R.~L. and
         {Soszy{\'n}ski}, I.},
        title = "{Long Secondary Periods in variable red giants}",
      journal = {\mnras},
     keywords = {stars: AGB and post-AGB, binaries: close, stars: oscillations, Astrophysics - Solar and Stellar Astrophysics},
         year = 2009,
        month = nov,
       volume = {399},
       number = {4},
        pages = {2063-2078},
          doi = {10.1111/j.1365-2966.2009.15401.x},
archivePrefix = {arXiv},
       eprint = {0907.2975},
 primaryClass = {astro-ph.SR},
       adsurl = {https://ui.adsabs.harvard.edu/abs/2009MNRAS.399.2063N},
      adsnote = {Provided by the SAO/NASA Astrophysics Data System}
}

@ARTICLE{guo2002,
       author = {{Guo}, J.~H. and {Li}, Y.},
        title = "{Evolution and Pulsation of Red Supergiants at Different Metallicities}",
      journal = {\apj},
     keywords = {Stars: Variables: Cepheids, Stars: Abundances, Stars: Evolution, Stars: Statistics, Stars: Variables: Other},
         year = 2002,
        month = jan,
       volume = {565},
       number = {1},
        pages = {559-570},
          doi = {10.1086/324295},
       adsurl = {https://ui.adsabs.harvard.edu/abs/2002ApJ...565..559G},
      adsnote = {Provided by the SAO/NASA Astrophysics Data System}
}

@ARTICLE{derekas2006,
       author = {{Derekas}, A. and {Kiss}, L.~L. and {Bedding}, T.~R. and {Kjeldsen}, H. and
         {Lah}, P. and {Szab{\'o}}, Gy. M.},
        title = "{Ellipsoidal Variability and Long Secondary Periods in MACHO Red Giant Stars}",
      journal = {\apjl},
     keywords = {Stars: Binaries: Eclipsing, Galaxies: Individual: Name: Large Magellanic Cloud, Stars: AGB and Post-AGB, Stars: Oscillations, Stars: Statistics, Stars: Variables: Other, Astrophysics},
         year = 2006,
        month = oct,
       volume = {650},
       number = {1},
        pages = {L55-L58},
          doi = {10.1086/508686},
archivePrefix = {arXiv},
       eprint = {astro-ph/0608618},
 primaryClass = {astro-ph},
       adsurl = {https://ui.adsabs.harvard.edu/abs/2006ApJ...650L..55D},
      adsnote = {Provided by the SAO/NASA Astrophysics Data System}
}

@ARTICLE{buchler1996,
       author = {{Buchler}, J.~R. and {Kollath}, Z. and {Serre}, T. and {Mattei}, J.},
        title = "{Nonlinear Analysis of the Light Curve of the Variable Star R Scuti}",
      journal = {\apj},
     keywords = {CHAOS, METHODS: DATA ANALYSIS, STARS: INDIVIDUAL CONSTELLATION NAME: R SCUTI, STARS: OSCILLATIONS, STARS: VARIABLES: OTHER RV TAURI, Astrophysics, Nonlinear Sciences - Chaotic Dynamics},
         year = 1996,
        month = may,
       volume = {462},
        pages = {489},
          doi = {10.1086/177167},
archivePrefix = {arXiv},
       eprint = {astro-ph/9707116},
 primaryClass = {astro-ph},
       adsurl = {https://ui.adsabs.harvard.edu/abs/1996ApJ...462..489B},
      adsnote = {Provided by the SAO/NASA Astrophysics Data System}
}

@ARTICLE{szatmary2004,
       author = {{Szatmary}, K.},
        title = "{Period-radius relation for semiregular and Mira stars}",
      journal = {Communications in Asteroseismology},
         year = 2004,
        month = jun,
       volume = {145},
        pages = {60},
          doi = {10.1553/cia145s58},
       adsurl = {https://ui.adsabs.harvard.edu/abs/2004CoAst.145...60S},
      adsnote = {Provided by the SAO/NASA Astrophysics Data System}
}

@ARTICLE{wasatonic1998,
       author = {{Wasatonic}, Rick and {Guinan}, Edward F.},
        title = "{Variations of Luminosity, Radius, and Temperature of the Pulsating Red Supergiant CE Tauri}",
      journal = {Information Bulletin on Variable Stars},
         year = 1998,
        month = sep,
       volume = {4629},
        pages = {1},
       adsurl = {https://ui.adsabs.harvard.edu/abs/1998IBVS.4629....1W},
      adsnote = {Provided by the SAO/NASA Astrophysics Data System}
}

@ARTICLE{wasatonic2015,
       author = {{Wasatonic}, Richard P. and {Guinan}, Edward F. and {Durbin}, Allyn J.},
        title = "{V-Band, Near-IR, and TiO Photometry of the Semi-Regular Red Supergiant TV Geminorum: Long-Term Quasi-Periodic Changes in Temperature, Radius, and Luminosity}",
      journal = {\pasp},
         year = 2015,
        month = oct,
       volume = {127},
       number = {956},
        pages = {1010},
          doi = {10.1086/683261},
       adsurl = {https://ui.adsabs.harvard.edu/abs/2015PASP..127.1010W},
      adsnote = {Provided by the SAO/NASA Astrophysics Data System}
}

@ARTICLE{ohnaka2013,
       author = {{Ohnaka}, K. and {Hofmann}, K. -H. and {Schertl}, D. and {Weigelt}, G. and
         {Baffa}, C. and {Chelli}, A. and {Petrov}, R. and {Robbe-Dubois}, S.},
        title = "{High spectral resolution imaging of the dynamical atmosphere of the red supergiant Antares in the CO first overtone lines with VLTI/AMBER}",
      journal = {\aap},
     keywords = {infrared: stars, techniques: interferometric, stars: late-type, stars: atmospheres, stars: individual: Antares, supergiants, Astrophysics - Solar and Stellar Astrophysics},
         year = 2013,
        month = jul,
       volume = {555},
          eid = {A24},
        pages = {A24},
          doi = {10.1051/0004-6361/201321063},
archivePrefix = {arXiv},
       eprint = {1304.4800},
 primaryClass = {astro-ph.SR},
       adsurl = {https://ui.adsabs.harvard.edu/abs/2013A&A...555A..24O},
      adsnote = {Provided by the SAO/NASA Astrophysics Data System}
}

@ARTICLE{wittkowski2017,
       author = {{Wittkowski}, M. and {Arroyo-Torres}, B. and {Marcaide}, J.~M. and
         {Abellan}, F.~J. and {Chiavassa}, A. and {Guirado}, J.~C.},
        title = "{VLTI/AMBER spectro-interferometry of the late-type supergiants V766 Cen (=HR 5171 A), {\ensuremath{\sigma}} Oph, BM Sco, and HD 206859}",
      journal = {\aap},
     keywords = {techniques: interferometric, supergiants, stars: atmospheres, stars: mass-loss, stars: individual: V766 Cen, stars: individual: BM Sco, Astrophysics - Solar and Stellar Astrophysics},
         year = 2017,
        month = jan,
       volume = {597},
          eid = {A9},
        pages = {A9},
          doi = {10.1051/0004-6361/201629349},
archivePrefix = {arXiv},
       eprint = {1610.01927},
 primaryClass = {astro-ph.SR},
       adsurl = {https://ui.adsabs.harvard.edu/abs/2017A&A...597A...9W},
      adsnote = {Provided by the SAO/NASA Astrophysics Data System}
}


@ARTICLE{levesque2005,
       author = {{Levesque}, Emily M. and {Massey}, Philip and {Olsen}, K.~A.~G. and
         {Plez}, Bertrand and {Josselin}, Eric and {Maeder}, Andre and
         {Meynet}, Georges},
        title = "{The Effective Temperature Scale of Galactic Red Supergiants: Cool, but Not As Cool As We Thought}",
      journal = {\apj},
     keywords = {ISM: Dust, Extinction, Stars: Atmospheres, Stars: Fundamental Parameters, Stars: Late-Type, Stars: Supergiants, Astrophysics},
         year = 2005,
        month = aug,
       volume = {628},
       number = {2},
        pages = {973-985},
          doi = {10.1086/430901},
archivePrefix = {arXiv},
       eprint = {astro-ph/0504337},
 primaryClass = {astro-ph},
       adsurl = {https://ui.adsabs.harvard.edu/abs/2005ApJ...628..973L},
      adsnote = {Provided by the SAO/NASA Astrophysics Data System}
}

@ARTICLE{ogle2014,
       author = {{Soszy{\'n}ski}, I. and {Dziembowski}, W.~A. and {Udalski}, A. and
         {Szyma{\'n}ski}, M.~K. and {Kubiak}, M. and {Pietrzy{\'n}ski}, G. and
         {Wyrzykowski}, {\L}. and {Ulaczyk}, K. and {Poleski}, R. and
         {Koz{\l}owski}, S. and {Pietrukowicz}, P. and {Skowron}, J. and
         {Mr{\'o}z}, P.},
        title = "{OGLE-BLG-RRLYR-12245: An RR Lyrae Star that Switched from a Double- to Single-Mode Pulsation}",
      journal = {\actaa},
     keywords = {Stars: variables: RR Lyrae, Stars: oscillations (including pulsations), Stars: Population II, Stars: horizontal-branch, Astrophysics - Solar and Stellar Astrophysics},
         year = 2014,
        month = mar,
       volume = {64},
       number = {1},
        pages = {1-9},
archivePrefix = {arXiv},
       eprint = {1403.6476},
 primaryClass = {astro-ph.SR},
       adsurl = {https://ui.adsabs.harvard.edu/abs/2014AcA....64....1S},
      adsnote = {Provided by the SAO/NASA Astrophysics Data System}
}



@ARTICLE{kollath2002,
       author = {{Koll{\'a}th}, Z. and {Buchler}, J.~R. and {Szab{\'o}}, R. and
         {Csubry}, Z.},
        title = "{Nonlinear beat Cepheid and RR Lyrae models}",
      journal = {\aap},
     keywords = {STARS: OSCILLATIONS, STARS: VARIABLES: CEPHEIDS, STARS: VARIABLES: RR LYR, STARS: EVOLUTION, HYDRODYNAMICS, CONVECTION, Astrophysics, Physics - Fluid Dynamics},
         year = 2002,
        month = apr,
       volume = {385},
        pages = {932-939},
          doi = {10.1051/0004-6361:20020182},
archivePrefix = {arXiv},
       eprint = {astro-ph/0110076},
 primaryClass = {astro-ph},
       adsurl = {https://ui.adsabs.harvard.edu/abs/2002A&A...385..932K},
      adsnote = {Provided by the SAO/NASA Astrophysics Data System}
}

@BOOK{pulsatingstarsbook,
       author = {{Catelan}, M. and {Smith}, H.~A.},
        title = "{Pulsating Stars}",
         year = 2015,
       adsurl = {https://ui.adsabs.harvard.edu/abs/2015pust.book.....C},
      adsnote = {Provided by the SAO/NASA Astrophysics Data System}
}

@ARTICLE{jackson2004,
       author = {{Jackson}, B.~V. and {Buffington}, A. and {Hick}, P.~P. and
         {Altrock}, R.~C. and {Figueroa}, S. and {Holladay}, P.~E. and
         {Johnston}, J.~C. and {Kahler}, S.~W. and {Mozer}, J.~B. and
         {Price}, S. and {Radick}, R.~R. and {Sagalyn}, R. and {Sinclair}, D. and
         {Simnett}, G.~M. and {Eyles}, C.~J. and {Cooke}, M.~P. and
         {Tappin}, S.~J. and {Kuchar}, T. and {Mizuno}, D. and {Webb}, D.~F. and
         {Anderson}, P.~A. and {Keil}, S.~L. and {Gold}, R.~E. and
         {Waltham}, N.~R.},
        title = "{The Solar Mass-Ejection Imager (SMEI) Mission}",
      journal = {\solphys},
         year = 2004,
        month = nov,
       volume = {225},
       number = {1},
        pages = {177-207},
          doi = {10.1007/s11207-004-2766-3},
       adsurl = {https://ui.adsabs.harvard.edu/abs/2004SoPh..225..177J},
      adsnote = {Provided by the SAO/NASA Astrophysics Data System}
}

@INBOOK{hick2007,
       author = {{Hick}, P. and {Buffington}, A. and {Jackson}, B.~V.},
        title = "{A procedure for fitting point sources in SMEI white-light full-sky maps}",
    booktitle = {\procspie},
         year = 2007,
       volume = {6689},
       series = {Society of Photo-Optical Instrumentation Engineers (SPIE) Conference Series},
          eid = {66890C},
        pages = {66890C},
          doi = {10.1117/12.734808},
       adsurl = {https://ui.adsabs.harvard.edu/abs/2007SPIE.6689E..0CH},
      adsnote = {Provided by the SAO/NASA Astrophysics Data System}
}

@INBOOK{buffington2007,
       author = {{Buffington}, Andrew and {Morrill}, Jeff S. and {Hick}, P. Paul and
         {Howard}, Russell A. and {Jackson}, Bernard V. and {Webb}, David F.},
        title = "{Analysis of the comparative responses of SMEI and LASCO}",
    booktitle = {\procspie},
         year = 2007,
       volume = {6689},
       series = {Society of Photo-Optical Instrumentation Engineers (SPIE) Conference Series},
          eid = {66890B},
        pages = {66890B},
          doi = {10.1117/12.734658},
       adsurl = {https://ui.adsabs.harvard.edu/abs/2007SPIE.6689E..0BB},
      adsnote = {Provided by the SAO/NASA Astrophysics Data System}
}

@ARTICLE{uitenbroek1998,
       author = {{Uitenbroek}, H. and {Dupree}, A.~K. and {Gilliland}, R.~L.},
        title = "{Spatially Resolved Hubble Space Telescope Spectra of the Chromosphere of alpha Orionis}",
      journal = {\aj},
     keywords = {STARS: CHROMOSPHERES, STARS: IMAGING, STARS: INDIVIDUAL: CONSTELLATION NAME: ALPHA ORIONIS, STARS: ROTATION, STARS: SUPERGIANTS},
         year = 1998,
        month = nov,
       volume = {116},
       number = {5},
        pages = {2501-2512},
          doi = {10.1086/300596},
       adsurl = {https://ui.adsabs.harvard.edu/abs/1998AJ....116.2501U},
      adsnote = {Provided by the SAO/NASA Astrophysics Data System}
}

@ARTICLE{Kervella2018,
       author = {{Kervella}, Pierre and {Decin}, Leen and {Richards}, Anita M.~S. and
         {Harper}, Graham M. and {McDonald}, Iain and {O'Gorman}, Eamon and
         {Montarg{\`e}s}, Miguel and {Homan}, Ward and {Ohnaka}, Keiichi},
        title = "{The close circumstellar environment of Betelgeuse. V. Rotation velocity and molecular envelope properties from ALMA}",
      journal = {\aap},
     keywords = {stars: individual: Betelgeuse, supergiants, stars: rotation, circumstellar matter, techniques: high angular resolution, stars: imaging, Astrophysics - Solar and Stellar Astrophysics},
         year = 2018,
        month = jan,
       volume = {609},
          eid = {A67},
        pages = {A67},
          doi = {10.1051/0004-6361/201731761},
archivePrefix = {arXiv},
       eprint = {1711.07983},
 primaryClass = {astro-ph.SR},
       adsurl = {https://ui.adsabs.harvard.edu/abs/2018A&A...609A..67K},
      adsnote = {Provided by the SAO/NASA Astrophysics Data System}
}

